2486 3028
1460 100 1463 103 ’
1476 96 1498 117 Ι

237 224 303 267 δ’
275 240 329 268 αν
358 226 527 278 λέγοιτο,
560 243 593 268 ει
609 242 654 280 γε
683 226 782 280 ὅλως
809 228 877 272 καὶ
905 230 1076 283 λέγεται,
1105 231 1159 273 τὰ
1189 236 1271 275 τῶν
1300 235 1465 277 οἰκείων.
1522 237 1581 279 Et
1597 239 1810 303 Passovius
1826 243 1997 285 sormam
2027 249 2223 298 οἰκειακὸς
2251 257 2298 292 ut
2352 295 2359 299 ,

238 305 379 343 valde
390 304 554 343 dubiam
585 311 705 361 notat.

352 377 434 419 ἀπὸ
463 357 706 432 φιλοσοφίας
733 380 1365 437 ἑταίρων)ισῐιΡ,ΙιίΙοεορῑιίιιιι,
1414 400 1439 425 a
1476 375 1756 432 communione
1792 390 2173 446 philosophicorum
2211 404 2296 439 stu-

240 452 429 513 diorumn
464 450 560 492 Ἀπὸ
590 454 630 491 in
654 454 719 493 his
750 456 918 505 aliisque
949 456 1132 495 formulis
1165 459 1368 511 significat
1398 462 1587 510 studium,
1618 464 1919 503 assectationem
1942 467 2156 517 quandam,
2186 474 2231 507 ut
2257 473 2297 510 οἱ

239 524 321 566 ἀπὸ
350 524 607 577 Πλάτωνος,
638 526 719 567 ἀπὸ
748 531 834 581 τῆς
847 527 1115 581 Ἀκαδημίας,
1147 529 1229 572 ἀπὸ
1258 536 1335 572 τοῦ
1362 533 1492 584 λόγου,
1522 533 1603 575 ἀπὸ
1632 537 1709 590 τῆς
1733 538 1906 589 σκηνῆς,
1935 537 2157 589 Platonici,
2184 541 2294 580 Aca··

239 600 411 650 demini,
451 602 719 651 eloquentiae,
763 603 857 640 artis
900 604 1082 643 scenicae
1126 607 1308 645 studiosi.
1365 608 1607 659 Plerumque
1648 610 1699 647 de
1737 609 2080 662 philosophorum
2121 615 2294 664 asseclis,

241 673 581 726 quemadmodum
620 681 659 713 et
698 688 889 727 praepos
916 674 1021 730 αιιφὶ
1062 685 1287 731 usurpatur.
1319 681 1410 719 vid.-
1432 682 1639 722 Schaefer.
1670 682 1809 722 Melet.
1842 683 1911 733 27,
1941 684 2010 723 93
2041 688 2082 725 οἱ
2108 689 2189 726 ἀπὸ
2219 691 2296 742 τῆς

239 747 403 800 βουλῆς,
434 749 505 799 qui
533 755 692 787 senatus
721 756 857 801 partes
889 757 1121 802 sequuntur.
1181 753 1337 792 Matth.
1358 755 1431 794 Gr.
1462 757 1534 795 Gr.
1564 756 1688 834 1128.
1743 757 1904 814 Mavult
1938 762 2089 797 tamen
2106 759 2295 800 Reiskius

239 819 321 861 ἀπὸ
351 821 595 875 φιλολογίας,
625 824 711 869 sine
740 836 883 864 causa
1628 848 1631 851 κ
1696 861 1698 864 ,
1780 848 1782 850 -

306 926 309 928 >
356 894 551 945 Νιγίδιος,
582 910 613 948 ω
643 896 697 935 τὰ
727 898 899 937 πλεῖστά
933 920 985 926 -
1016 911 1128 951 παρα
1161 899 1238 948 τὰς
1266 893 1419 951 πολιτ.)
1451 903 1620 940 Publius
1648 903 1838 954 Nigidius
1867 905 2062 956 Figulus,
2085 905 2203 957 juxta
2230 907 2292 944 M.

199 987 203 989 ⁷
241 970 460 1010 Varronem
488 971 765 1010 Romanorum
796 971 1064 1021 doctissimus,
1094 985 1176 1012 rem
1195 974 1400 1026 publicam
1431 988 1593 1026 quoque
1622 976 1768 1028 attigit,
1800 981 1839 1016 et
1867 976 1947 1017 hoc
1976 978 2065 1029 ipso
2096 992 2198 1017 anno
2229 992 2293 1018 se-

241 1049 357 1082 nator
385 1050 481 1083 erat.
513 1058 550 1082 v.
581 1045 701 1084 Dion.
732 1046 880 1084 Hism.
911 1045 981 1084 45.
1010 1059 1106 1099 pag.
1126 1047 1222 1086 479.
1278 1048 1384 1087 Ειιιιι
1405 1048 1560 1095 Cicero,
1591 1054 1635 1086 ut
1663 1049 1719 1086 ait
1747 1049 1928 1098 Gellius,
1957 1042 2109 1102 ingenii
2140 1031 2292 1089 doctri-

242 1131 398 1171 naeque
436 1118 597 1158 nomine
627 1131 780 1158 summe
808 1121 1000 1159 reveritus
1031 1126 1112 1169 est,
1145 1122 1275 1174 -quod
1301 1123 1393 1175 ipse
1421 1123 1568 1164 fatetur
1596 1123 1637 1162 in
1666 1123 1849 1164 Timaeo.
1917 1122 2001 1163 Sed
2030 1137 2165 1163 revera
2195 1139 2293 1177 par·

240 1194 340 1230 tium
378 1193 419 1229 in
457 1193 671 1243 republica
711 1193 881 1231 societas
920 1199 960 1231 et
995 1195 1244 1233 voluntatum
1285 1197 1516 1233 consensio
1534 1209 1626 1233 eum
1673 1197 1846 1234 maxime
1881 1197 2081 1235 Ciceroni
2104 1198 2294 1246 devinxit,

240 1265 352 1316 qnod
379 1265 622 1306 Plutarchus
652 1271 692 1304 et
720 1265 791 1304 hic
821 1272 1005 1314 testatur,
1051 1273 1091 1306 et
1118 1268 1261 1306 iterum
1292 1268 1332 1306 in
1362 1268 1495 1307 πολιτ.
1555 1269 1770 1320 παραγγελ.
1802 1283 1845 1321 p.
1875 1270 1975 1309 797
2003 1270 2056 1310 Ι).
2115 1271 2294 1324 Κικέρων

240 1338 284 1380 δὲ
314 1337 439 1388 αὐτὸς
467 1337 660 1391 ωμολὸγει
689 1337 744 1379 τὰ
773 1337 969 1381 κάλλιστα
998 1339 1064 1381 καὶ
1091 1341 1262 1393 μέγιστα
1290 1343 1373 1380 τῶν
1401 1339 1779 1393 συμβουλευμάτων,
1810 1337 1870 1391 οἷς
1888 1343 2025 1395 ὀρθῶς
2040 1341 2296 1384 §manem

237 1411 318 1467 τὴν
344 1411 527 1465 πατρίδα
555 1411 734 1461 ὀιέσωζε,
763 1410 874 1465 μετὰ
899 1412 1092 1454 Ποπλίου
1120 1411 1319 1463 Νιγιδίου,
1349 1416 1425 1453 τοῦ
1455 1411 1693 1467 φιλοσόφου,
1722 1415 1955 1455 συνθεῖναι.

354 1487 498 1526 Cicero
527 1487 583 1526 ad
610 1499 702 1529 eum
733 1487 1021 1530 seribenmluo
1045 1488 1461 1542 >tempora—nominat,
1482 1488 1952 1540 -quibus2um4fuisset
1979 1489 2138 1543 Nigidii
2170 1502 2294 1542 opera

239 1567 279 1599 et
307 1561 471 1608 auxilio,
501 1560 753 1614 consulat-um
783 1574 927 1612 nempe
957 1574 1072 1601 suum
1101 1569 1141 1600 et
1170 1560 1352 1602 exilium:
1382 1584 1440 1591 —
1468 1561 1984 1609 quorumbenevolentiam
2016 1562 2130 1599 nobis
2154 1563 2292 1599 concl-

237 1634 356 1672 liarat
384 1646 460 1685 per
489 1646 554 1673 me
583 1634 801 1686 quondam,
831 1637 870 1673 te
896 1634 1015 1680 socio,
1045 1633 1477 1683 defensa'respublica.
1507 1650 1565 1669 -.-
1603 1632 1785 1671 Tuorum
1815 1632 2038 1672 tristissimo
2070 1646 2159 1673 meo
2189 1640 2292 1673 tem-

235 1720 338 1759 pore
367 1708 599 1745 meritorum
629 1720 725 1759 erga
750 1721 814 1745 me
843 1709 1074 1745 memoriam
1104 1705 1359 1746 conservabo.
1416 1704 1497 1755 Ep.
1527 1704 1642 1743 Fam.
1671 1705 1721 1752 4,
1753 1704 1818 1743 13.
1878 1705 1995 1743 Bello
2025 1706 2135 1744 civili
2166 1707 2291 1745 Pom-

234 1781 322 1834 peji
352 1786 676 1833 partessecutus
708 1781 810 1820 obiit
838 1781 877 1819 in
909 1782 1048 1820 exsilio
1079 1795 1114 1823 a.
1147 1794 1185 1822 ιι.
1220 1779 1383 1819 0.,799.
1440 1780 1590 1819 Euseb.
1621 1778 1817 1836 Clu-onie.
1838 1778 2009 1817 «Baton.
2045 1797 2047 1802 ·

347 1852 461 1909 παρὰ
491 1852 569 1904 τὰς
597 1850 829 1902 πολιτικὰς)
859 1854 1250 1905 Reiskius-quaerit,
1280 1865 1377 1893 num
1405 1852 1509 1906 πρὸς
1538 1852 1599 1892 sit,
1618 1849 1863 1904 legendum?
1893 1863 1985 1890 cum
2015 1863 2096 1903 quo
2125 1851 2166 1890 in
2187 1852 2289 1893 notis

236 1936 277 1968 et
304 1930 472 1970 Cor-ius
502 1931 711 1969 consentit.
772 1929 862 1969 Sed
885 1935 993 1968 recte
1022 1942 1065 1967 se
1093 1930 1219 1967 habet
1253 1925 1390 1979 παρά,
1429 1932 1550 1976 atque
1587 1926 1670 1965 hoe
1705 1926 1930 1978 significat,
1979 1926 2172 1975 quamdiu
2202 1927 2291 1978 ipse

235 2005 527 2055 rempublicam
557 2003 875 2043 administrabat.

259 2073 265 2078 ’
352 2078 375 2115 ὁ
413 2079 573 2129 πρῶτος
598 2074 832 2129 ἐρωτηθεὶς
871 2072 1031 2127 γνώμην
1064 2074 1247 2123 Σιλανὸς
1284 2069 1371 2113 εἷπε
1408 2071 1490 2127 τὴν
1515 2071 1696 2126 ἐσχάτην
1726 2070 1840 2125 δίκην
1874 2070 2018 2112 δοῦναι
2051 2070 2289 2127 προςήκειν)

232 2152 388 2203 primus
419 2151 656 2190 sententiam
674 2155 838 2203 rogatus
854 2149 1015 2187 Silanus
1034 2149 1126 2187 'de
1115 2150 1164 2188 iis
1186 2149 1366 2187 ultimam
1394 2160 1569 2199 ‚poenam
1596 2160 1702 2187 esse
1710 2146 1943 2187 sumendam
1972 2147 2087 2188 dixit
2117 2143 2290 2198 Ἐσχάτη

235 2222 325 2276 δίκη
369 2224 510 2263 ultima
547 2236 681 2276 poena
717 2236 793 2275 per
829 2222 1155 2274 'euphemismum
1185 2223 1454 2274 supplicium,
1501 2227 1545 2260 ut
1572 2222 1675 2260 infra
1705 2234 1741 2261 c.
1771 2220 1839 2259 22.
1869 2220 1958 2272 pari
1988 2219 2110 2260 modo
2134 2215 2289 2279 ἕζῄσαν

233 2311 310 2350 pro
349 2294 603 2345 οἷπέθανον,’
627 2298 703 2335 etsi
740 2296 880 2337 statim
908 2296 1043 2347 capite
1072 2296 1294 2346 insequenti
1324 2296 1649 2334 medioSilanus
1680 2295 1790 2345 ipse,
1827 2300 1872 2332 ut
1900 2292 2136 2333 sententiam
2163 2291 2286 2329 inter-

234 2372 460 2423 pretatione
489 2372 641 2419 leniret,
671 2372 766 2421 quia
796 2377 951 2409 mutare
980 2375 1098 2420 turpe
1127 2377 1221 2418 erat,
1251 2369 1431 2422 ἐσχάτην
1459 2368 1574 2422 δίκην
1600 2382 1674 2420 per
1703 2365 1987 2421 δεσμωτήριον
2015 2364 2201 2416 explicat.

350 2444 477 2499 Δίκην
506 2442 685 2489 δοῦναι)
703 2451 762 2485 est
785 2456 957 2498 poenam
985 2443 1096 2494 dare,
1127 2442 1241 2493 δίκας
1271 2442 1415 2484 δοῦναι
1443 2442 1510 2484 καὶ
1538 2439 1767 2496 λαβεῒνᾸΜ
1796 2439 1966 2482 reddare
1994 2441 2034 2477 et
2058 2437 2247 2493 accipere.

347 2518 503 2566 πάντες
531 2540 588 2547 -
614 2517 733 2569 μέχρι
768 2539 821 2547 -
846 2519 1078 2574 Καίσαρος)
1111 2519 1192 2558 Sed
1223 2525 1314 2557 ante
1343 2519 1555 2557 Caesarem
1581 2518 1776 2555 leniorem
1808 2514 2039 2554 sententiam
2069 2513 2171 2551 dixit
2187 2513 2283 2551 Tib.

233 2594 352 2643 Nero,
383 2593 416 2631 si
446 2592 638 2630 Sallustio
667 2591 772 2631 Bell.
801 2583 888 2631 Cat.
917 2593 986 2632 49.
1007 2600 1058 2633 et
1085 2593 1277 2646 Appiano
1307 2594 1360 2632 de
1387 2592 1490 2632 Bell
1521 2592 1598 2631 civ.
1631 2590 1673 2638 2,
1702 2588 1742 2629 2.
1770 2588 1853 2626 fine
1880 2586 2138 2627 credendum.
2179 2585 2285 2626 Cum
