2486 3028
1124 58 1414 99 —16-

234 173 427 213 ferendae
456 173 664 225 abjiceret.
724 172 931 211 Sententia
960 171 1048 225 ejus
1077 173 1163 212 fere
1190 173 1293 221 haec
1322 172 1412 225 fuit,
1443 180 1487 214 ut
1508 173 1737 215 Decemviri
1763 172 1885 213 creati
1915 186 2149 227 summaque
2181 183 2301 227 pote-

238 253 341 287 state
369 248 499 287 ornati
530 260 649 300 agros
677 259 817 284 omnes
847 245 1037 299 publicos
1068 251 1176 285 extra
1204 246 1377 297 Italiam,
1408 249 1653 301 quibusdam
1681 249 1723 287 iu
1752 247 1891 287 Africa
1920 248 2113 299 exceptis,
2148 249 2300 292 vende-

236 326 346 369 rent3
383 322 424 360 in
455 320 572 360 Italia
601 333 697 360 vero
729 321 850 360 silvas
883 326 922 360 et
947 320 1221 373 possessiones
1252 334 1390 361 omnes
1429 323 1617 376 publicas
1648 323 1827 376 quinque
1856 321 2033 360 millibus
2064 322 2301 362 colonorum

238 382 490 447 dividerent3
548 395 822 447 omnibusque
858 394 966 447 agris
1006 394 1185 447 publicis
1211 396 1387 450 vectigal
1413 398 1687 451 imponerent;
1746 402 1792 436 ut
1819 396 1942 435 iidem
1974 409 2092 450 agros
2121 396 2300 449 privatos
2353 423 2359 428 -

235 470 471 522 publicare,
492 471 682 523 publicos
714 470 882 507 liberare
911 474 1099 520 possent,
1130 482 1314 521 quaeque
1343 484 1391 510 ex
1419 472 1571 523 praeda
1582 466 1849 519 ,³2manubiis,
1875 483 1972 508 auro
1999 472 2206 510 coronario
2235 484 2301 511 re-

238 544 360 583 dacta
387 544 562 599 pecunia
592 547 706 591 esset,
736 555 784 581 ea
813 553 933 595 agros
964 541 1019 580 in'
1038 541 1156 581 ltalia
1184 549 1360 584 emerent
1387 544 1503 599 plebi
1531 544 1740 585 Romanae
1769 542 2025 583 dividendos.
2093 545 2211 586 Hanc
2238 545 2299 586 le-

221 633 332 672 gem
364 620 507 659 Cicero
537 619 577 656 in
608 622 769 666 senatu,
807 617 906 656 inito
936 617 1170 667 consulatu,
1201 618 1288 657 Cal.
1316 618 1410 658 Jan.
1440 624 1648 672 praesente
1675 618 1802 657 Rullo
1831 616 2021 656 dissuasit
2048 618 2181 669 prima
2210 633 2299 659 ora-

234 695 355 734 tione.
416 691 501 732 Sed
532 705 626 732 cum
654 691 803 731 Rullus
834 703 913 729 non
943 689 1139 743 abjiceret
1166 690 1270 745 legis
1301 691 1500 736 ferendae,
1519 691 1754 740 consilium,
1804 690 1857 729 ad
1887 690 2053 731 alteram
2082 693 2303 733 orationem

235 768 380 807 eodem
410 766 478 805 die
506 764 753 816 habendam,
781 763 997 803 comitante
1026 755 1180 812 senatu}
1205 764 1246 801 in
1277 763 1512 803 concionem
1541 764 1687 816 populi
1719 763 1942 812 adscendit,
1972 777 2052 815 qua
2076 765 2208 818 legem
2224 778 2304 818 po-

234 841 359 895 pulo,
388 840 563 889 aerario,
600 838 851 891 reipublicae
890 836 1096 883 universae
1132 829 1402 889 perniciosam
1439 837 1684 888 minimeque
1723 837 1965 889 popularem
2002 852 2088 878 esse
2116 839 2303 878 ostendit.

235 916 385 955 Rullus
414 913 519 953 nihil
549 917 689 953 contra
726 912 862 952 dicere
898 923 1040 961 ausus,
1085 911 1291 951 consulem
1329 911 1532 970 absentem
1569 911 1681 964 apud
1718 911 1920 964 populum
1958 913 2187 954 criminatus
2231 921 2304 955 est.

236 991 362 1040 Quod
393 1003 521 1041 quum
551 988 696 1027 Cicero
727 987 927 1036 audisset,
955 986 1152 1025 advocata
1182 986 1397 1035 concione,
1437 986 1594 1025 tertiam
1623 986 1843 1024 orationem
1871 985 2016 1025 habuit
2054 988 2303 1040 Rullumque

233 1065 341 1121 legis
371 1063 562 1105 ferendae
591 1061 804 1102 consilium
834 1059 1013 1114 abjicere
1039 1061 1188 1114 coegit.

360 1136 557 1189 Ταμείον)
590 1135 759 1174 Coraius
790 1134 862 1172 dat
889 1132 1099 1184 ταμιεῖον,
1131 1145 1235 1183 quae
1262 1134 1393 1171 forma
1432 1139 1493 1172 est
1528 1135 1722 1173 usitatior.
1764 1134 1831 1175 Cf.
1861 1135 2043 1175 Lobeck.
2071 1135 2224 1188 Phr-yn.
2253 1150 2300 1189 p.

237 1212 338 1253 493.
410 1210 504 1251 Jac.
534 1210 637 1249 Aen.
669 1208 764 1248 Tat.
804 1221 847 1260 p.
878 1205 984 1257 94&
1044 1208 1105 1259 τῷ
1142 1203 1255 1259 νόμῳ
1283 1201 1657 1259 προςεῖχονᾶλλοι,
1687 1208 1772 1262 legi
1804 1208 1995 1249 favebant
2023 1210 2091 1249 alii
2122 1224 2160 1252 v.
2192 1224 2302 1263 supr.

188 1311 191 1314 ,
237 1299 271 1326 c.
302 1287 364 1326 111.
394 1290 434 1325 et
462 1284 530 1325 ιν.
560 1282 670 1323 med.
1260 1269 1263 1273 '

281 1351 284 1355 ¹
351 1361 406 1409 ώς
438 1380 490 1391 —
520 1353 812 1410 yemooptevog)
844 1354 1051 1408 Wyttenb.
1082 1350 1347 1406 γενησόμενοι
1375 1354 1528 1393 maluit.
1558 1367 1593 1411 Y·
1625 1368 1739 1408 supr.
1767 1367 1804 1395 c.
1833 1356 1879 1397 11.

349 1434 433 1473 ὑπὸ
456 1430 649 1483 πλήθους
678 1428 868 1486 δανείων)
897 1434 1067 1485 propter
1095 1427 1416 1479 magnitudinem
1445 1428 1546 1465 aeris
1576 1428 1709 1466 alieni.

354 1504 422 1546 καὶ
449 1504 596 1552 τοῦτο)
626 1502 778 1542 Reiske
807 1507 847 1540 et
874 1501 992 1541 Hutt.
1024 1501 1110 1540 sine
1140 1500 1374 1540 necessitate
1402 1502 1555 1540 τοῦτον
1584 1499 1801 1551 dederunt,
1845 1506 1889 1539 ut
1927 1501 2064 1540 redeat
2092 1501 2144 1539 ad
2174 1502 2304 1540 Anto-
2378 1512 2381 1516 ’

238 1585 373 1629 nium3
405 1566 479 1620 sed
507 1583 688 1632 praestat
717 1562 827 1630 vulg.
858 1578 997 1624 τοῦτο,
1029 1580 1073 1613 ιιι
1099 1573 1192 1613 huic
1219 1573 1326 1613 malo
1354 1574 1590 1613 mederetur.

354 1651 645 1698 Μακεδονίαν)
675 1647 974 1698 Macedoniam,
1002 1647 1243 1687 commercio
1275 1646 1451 1688 Orientis
1482 1646 1662 1697 divitem,
1690 1646 1867 1687 Antonio
1895 1646 1980 1687 sine
2008 1652 2114 1689 sorte
2136 1661 2304 1689 conces-

239 1732 292 1772 sit
322 1731 490 1775 Cicer03
519 1727 678 1778 sibique
707 1724 867 1776 accepit
897 1722 1089 1771 Galliam,
1119 1735 1241 1773 quam
1270 1722 1523 1775 provinciam
1551 1734 1646 1760 mox
1675 1721 1942 1763 iti-concione
1972 1721 2182 1773 deposuit,
2209 1721 2303 1761 Me-

236 1806 335 1845 tello
366 1802 612 1848 cedendam;
649 1799 702 1838 cf.
734 1798 825 1840 cic.
866 1797 920 1836 ad
949 1796 1041 1835 niv.
1080 1795 1141 1845 V,
1170 1796 1210 1834 2.
1241 1801 1281 1834 et
1309 1796 1350 1834 in
1380 1796 1518 1837 Pison.
1550 1796 1592 1835 2.
1650 1794 1810 1848 ,‚Ego,“
1836 1796 1987 1846 inquit,
2026 1796 2303 1848 „provinciam

239 1880 419 1920 Galliam
449 1882 607 1916 senatus
638 1873 886 1922 auctoritate,
916 1870 1093 1911 exercitu
1124 1875 1164 1909 et
1192 1869 1367 1923 pecunia
1396 1869 1631 1909 instructam
1661 1874 1701 1908 et
1718 1874 1910 1920 ornatam,
1941 1882 2061 1922 quam
2092 1883 2185 1910 eum
2216 1871 2304 1910 An-

238 1954 352 1992 tonio
393 1949 688 1990 communicavi
728 1946 994 1994 (commutavi
1022 1945 1192 1983 fortasse
1220 1944 1412 1992 rectius),
1454 1943 1566 1994 quod
1607 1943 1663 1982 ita
1693 1944 1992 1995 existimabam,
2035 1949 2218 1998 tempora
2245 1945 2304 1985 rei

236 2028 432 2080 publicae
461 2026 578 2072 terre,
606 2025 649 2062 in
679 2022 877 2061 concione
908 2019 1095 2070 deposui,
1123 2017 1365 2056 reclamante
1392 2017 1552 2068 populo
1582 2009 1808 2057 Romano.“

352 2099 407 2141 τὰ
446 2095 624 2152 δεύτερα
653 2095 799 2146 λέγειν)
831 2092 1028 2135 secundas
1057 2096 1191 2144 partes
1221 2104 1354 2144 agere.
1382 2090 1478 2138 vid.»
1498 2104 1620 2143 supra
1649 2104 1686 2131 c.
1715 2091 1763 2131 V.
1793 2092 1901 2134 med.

353 2173 453 2222 τοὺς
481 2169 855 2221 καινοτομοῦντας)
884 2167 1052 2206 Rullum
1084 2178 1177 2204 cum
1206 2165 1302 2205 suis.
1363 2163 1427 2203 cf.
1458 2176 1568 2216 supr.
1597 2177 1633 2203 c.
1662 2166 1704 2206 2.
1733 2167 1826 2205 fine.

350 2245 451 2295 τοὺς
481 2245 744 2298 εἰσφέροντας
780 2241 954 2282 eundem
981 2240 1170 2288 Rullum,
1223 2243 1426 2277 auctorem
1463 2237 1567 2291 legis
1597 2239 1777 2293 agrariae
1804 2239 1992 2279 ferendae
2020 2249 2112 2277 cum
2142 2249 2213 2276 sua
2239 2237 2304 2277 fa-

235 2326 378 2365 ctione.
442 2321 509 2361 Cf.
540 2334 642 2371 quae
669 2332 793 2372 supra
822 2318 903 2356 hac
933 2315 986 2354 de
1014 2328 1058 2354 re
1086 2313 1378 2353 adnotavimus,

204 2416 299 2431 fw‘
348 2394 463 2453 παρὰ
494 2397 721 2443 τοσοῦτον,
761 2397 897 2442 tanto,
936 2403 1066 2442 usque
1094 2389 1217 2439 adeo,
1257 2394 1302 2428 ut
1330 2385 1444 2442 παρὰ
1475 2388 1621 2441 μικρὸν
1648 2402 1790 2442 paene.
1841 2389 1907 2429 Cf.
1940 2388 2078 2441 Viger.
2109 2387 2160 2427 de
2188 2387 2303 2427 Idio-

234 2474 344 2514 tism.
376 2471 549 2525 p.648.
631 2493 634 2497 ·
696 2481 699 2484 ·
774 2472 779 2477 ’
