2486 3028
233 514 260 546 ζ’
299 508 387 544 1112·
695 508 699 512 ’
792 503 968 554 ’,ιιὲιὶςὲ
1007 517 1012 521 ·
1066 503 1090 537 ,ἶ
1144 516 1175 526 «
1220 513 1226 533 ι

860 728 1230 846 ..ιιι-π
1294 740 1454 842 vn.
1493 738 1516 827 1

1038 974 1266 985 ——-.

149 1219 158 1224 “
238 1220 482 1276 Ἁπτόμενος
511 1218 555 1261 δὲ
583 1201 661 1275 τῆς
686 1216 913 1283 πολιτείας)
973 1218 1109 1268 Quum
1139 1218 1230 1272 jam
1269 1215 1445 1261 animum
1485 1215 1539 1254 ad
1577 1200 1871 1268 rempublicam
1910 1202 2185 1257 convertisset.

120 1296 326 1360 Ἄπτεθαᾷ
353 1309 467 1345 τινος
492 1301 552 1335 est
579 1308 682 1334 rem
711 1294 918 1349 attingere,
947 1289 1151 1342 inchoare,
1180 1292 1234 1332 ad
1264 1303 1349 1331 rem
1376 1288 1597 1344 gerendam
1618 1290 1802 1344 aggredi,
1831 1304 1915 1331 rem
1933 1290 2185 1331 tractandam

129 1373 343 1427 suscipere.
401 1371 564 1426 Romul.
594 1369 634 1410 7.
645 1367 913 1434 άπτόιμιινος
936 1366 1104 1424 ἐπινοίᾳ
1122 1365 1191 1408 καὶ
1218 1364 1326 1424 τύχῃ
1354 1366 1432 1441 τῆς
1460 1362 1676 1419 αληθείας.
1736 1365 1940 1421 Alcibiad.
1960 1364 2028 1407 17.
2059 1366 2183 1405 Σικε-

128 1444 499 1502 λίας-ἥπτὸντο..
548 1443 753 1501 1111(1.27.
788 1436 1096 1499 μαλᾴκώτερομ
1117 1440 1308 1505 ἥπτοντο
1335 1437 1424 1486 ταῦ
1447 1428 1670 1495 πολέμου.
1697 1439 1849 1481 Coriol.
1886 1426 1956 1479 38.
1985 1437 2072 1481 κατ’
2102 1438 2185 1479 ἐπί-

127 1534 247 1560 νοιαν
276 1518 348 1560 οὐκ
377 1500 620 1560 ἀθείαστον
637 1511 846 1572 αψοίμένῃ
853 1518 933 1557 τοῦ
972 1517 1282 1571 συμφεᾘροπος.
1327 1514 1481 1555 Timol.
1510 1513 1552 1553 7.
1581 1511 1712 1556 ὥστε.-
1723 1510 1928 1567 μηδεμιᾶς
1956 1512 2185 1568 ἐτιφανοῦς,

128 1592 232 1647 μηδὲ
264 1592 479 1646 πολιτικῆς
507 1591 709 1658 ἅψασθαι
735 1590 931 1655 πράξεως.
998 1590 1146 1632 Aemi!
1176 1589 1292 1630 Paul.
1324 1587 1363 1627 1
1401 1585 1502 1642 ἐμοὶ
1516 1585 1592 1641 μὲν
1628 1589 1706 1652 τῆς
1743 1589 1826 1627 τῶν
1853 1586 1952 1638 βίων
1979 1586 2182 1642 ἅψασθαι

130 1662 298 1722 γραφῆς
319 1664 466 1726 συνέβη
496 1661 547 1703 δι’
568 1663 737 1720 ἑτέρους.
797 1663 853 1701 Et
868 1662 966 1701 alias
996 1656 1226 1702 sexcenties.
1285 1662 1409 1701 Plura
1439 1663 1623 1714 exempla
1652 1663 1786 1701 attulit
1813 1662 1987 1702 Heldius
2017 1663 2058 1701 in
2072 1663 2189 1703 Aem.

130 1741 245 1778 Paul.
275 1753 317 1794 Ρ.
347 1739 445 1777 123.
475 1744 516 1778 et
542 1738 749 1782 Reiskius
760 1738 802 1777 in
834 1723 982 1776 indice.
1330 1777 1335 1782 ,

240 1809 415 1873 Χώραν)
446 1811 518 1852 ubi
548 1823 686 1852 eorum
715 1810 892 1865 cuique
890 1822 983 1850 suus
1011 1809 1125 1849 locus
1155 1808 1207 1848 sit
1235 1807 1278 1847 h.
1309 1821 1344 1848 e
1374 1806 1445 1847 ubi
1473 1808 1657 1848 locorum
1678 1820 1724 1848 ea
1743 1809 1953 1848 conveniat
1969 1809 2185 1861 applicari,

132 1884 359 1936 admoveri,
405 1887 447 1926 in
478 1899 593 1927 usum
621 1885 778 1932 vocari3
835 1885 900 1924 vel
925 1885 1056 1935 etiam,
1086 1869 1158 1924 ubi
1186 1897 1324 1923 eorum
1354 1871 1547 1953 quodque
1577 1884 1710 1933 situm,
1741 1880 2030 1936 suspensumve
2059 1884 2111 1924 sit
2139 1884 2183 1925 in

130 1961 308 2010 officina,
337 1967 382 2000 ut
410 1961 531 2001 facile
559 1960 794 2001 inveniatur.
850 1960 1013 2000 Reiske.
1074 1955 1337 2007 Schirachius
1368 1971 1461 1999 cum
1490 1957 1643 1998 Kindia
1672 1959 1812 2000 vertit:
1843 1959 1913 2000 die
1932 1958 2090 2011 Oerter,
2119 1973 2184 2001 wo

132 2035 189 2074 sie
216 2033 420 2097 befestigt
436 2020 614 2075 wiirden.
681 2034 992 2075 Kaltwasaerus·
1035 2033 1152 2074 ihren
1181 2034 1298 2075 Platz
1330 2053 1386 2061 —
1415 2037 1601 2074 wiissten.
1669 2034 1840 2087 Amyot:
1885 2034 1943 2075 les
1974 2035 2102 2086 lieux,
2131 2035 2186 2075 01³1

130 2108 179 2147 ils
209 2108 267 2148 les
297 2107 461 2147 doivent
488 2106 682 2160 prendre.
733 2107 799 2147 eui
841 2107 1099 2195 explicationi
1139 2095 1307 2147 Coraius
1337 2107 1538 2177 calculugi
1575 2108 1719 2162 adjicit
1757 2115 1926 2164 propter
1956 2115 2186 2161 sequentem

131 2181 491 2235 comparationem.
535 2177 613 2220 τὸν
639 2178 783 2235 τόπον,
814 2182 874 2220 ἐν
886 2174 923 2235 ῳ
949 2185 1031 2221 τῶν
1060 2179 1272 2235 γνωρίμων
1288 2174 1461 2230 ἕκαστος
1490 2180 1600 2221 οἰκεῖ.
1660 2182 1775 2221 Idem
1803 2183 2054 2234 suspicatur,
2081 2182 2185 2223 Plu-

131 2254 316 2303 tarchum
343 2253 447 2308 μηδὲ
475 2253 618 2307 χρείαν
646 2255 820 2295 scribere
843 2251 1042 2308 potuisse
1100 2254 1288 2304 Ceterum
1316 2254 1421 2295 haec
1450 2255 1574 2296 altera
1587 2254 1841 2295 Kaltwasseri
1871 2256 2090 2309 explicatio
2120 2257 2184 2295 vi-

132 2327 248 2366 detur
277 2319 511 2386 simplicior,
541 2328 888 2380 dubitandumque
916 2333 989 2378 est,
1016 2340 1113 2387 uum
1140 2325 1256 2380 χώρα
1281 2342 1357 2382 per
1386 2343 1428 2370 se
1455 2330 1603 2380 locum,
1633 2329 1697 2369 cui
1728 2328 1915 2370 adhiberi
1932 2330 2130 2382 aliquod
2119 2344 2185 2371 ιιι-

96 2449 103 2455 ·
134 2396 394 2444 strumentum
424 2401 580 2453 debeat,
610 2401 693 2460 sive
722 2415 839 2442 usum
867 2402 1119 2462 instrumenti
1148 2402 1361 2469 aiguifieet.
1420 2402 1483 2455 De
1509 2401 1638 2452 τόπος
1665 2403 1797 2443 minus
1828 2403 2107 2444 dubitaverim.

247 2471 451 2527 δύναμιν)
472 2491 575 2531 quae
603 2477 696 2516 sint
711 2477 747 2515 ei
760 2477 882 2526 vires,
905 2476 1005 2537 quid
1022 2456 1184 2515 efficiat.
1241 2465 1441 2516 Reiskiuu.

245 2548 455 2597 πολιτῶν)
471 2551 541 2592 Sic
569 2552 730 2607 Bryano
759 2543 955 2606 probante
984 2562 1077 2592 cum
1094 2524 1228 2619 Αιιοιι
1232 2549 1444 2594 dederunt
1475 2548 1679 2603 Reiskius,
1707 2550 1871 2592 Hutten.
1863 2580 1886 2603 .,
1914 2551 2038 2603 Bart„
2068 2552 2185 2606 Wyt-

1677 2631 1694 2665 2
