2486 3028
1033 127 1317 168 ...15-

804 349 1275 426 ‘CAPUT
1355 312 1542 412 xli.

264 616 364 672 τοὺς
391 618 583 672 πολλους)
612 619 697 664 vid,
728 622 850 674 supra
880 630 915 659 c.
943 616 986 662 5.
1015 619 1143 660 initio.

262 696 513 750 προαγῶνες)
545 695 615 735 Sic
643 685 751 735 recte
780 695 948 734 Coraius
979 700 1019 735 et
1047 695 1313 735 Frotscherus
1342 694 1538 734 dederunt
1566 707 1642 746 pro
1662 694 1773 748 vulg.
1802 693 2049 748 προάγωνες.
2110 694 2207 735 vid.

149 771 286 812 adnot}
318 772 455 811 Coraii
485 770 537 808 ad
567 770 612 810 h.
642 770 671 809 1.
697 770 828 813 -Henn
860 769 1005 823 steph.
1036 770 1162 810 Thes.
1196 771 1227 821 1,
1259 770 1355 810 10⁰.
1413 770 1595 810 Passovii
1632 769 1728 808 Lex.
1766 770 1837 809 Gr.
1870 770 1932 809 ed.
1962 770 2056 809 tha
2086 771 2127 809 11.
2159 783 2206 823 p,

149 845 249 887 711.
285 870 287 873 -

265 919 591 969 οἰ,κεκωλυμένοι
624 938 669 944 -
694 913 868 970 ἄρχειν)
900 918 982 969 lui,
1012 919 1082 970 qui
1110 932 1186 972 per
1213 920 1325 974 leges
1356 917 1563 958 Cornelias
1592 917 1644 956 ab
1674 917 1895 957 honoribus
1924 918 2110 971 petendis
2140 931 2206 957 ar-

150 995 353 1034 cebantur.
411 993 736 1044 Prosci-iptorum
766 992 855 1041 filii,
885 992 937 1031 de
960 993 1106 1043 quibus
1140 994 1228 1035 cic.
1253 994 1349 1050 ipse
1376 989 1600 1032 orationem
1624 991 1778 1031 habuit.
1838 992 1934 1033 vid.
1965 993 2114 1046 Epistt.
2148 992 2202 1031 ad

150 1067 331 1117 Atticum
360 1066 405 1116 ll,
435 1065 475 1107 1.
535 1065 641 1108 Plin.
673 1066 754 1117 Vll,
783 1066 852 1107 3⁰.
882 1066 975 1119 Xyl.
1006 1067 1191 1109 Dictator
1229 1068 1344 1108 Sulla
1382 1080 1461 1107 non
1501 1066 1631 1107 solum
1670 1062 1854 1107 inimicos
1894 1079 1986 1107 suos
2023 1060 2205 1120 proscri-

149 1141 245 1194 psit,
275 1140 513 1180 sedeorum
541 1141 660 1180 etiam
690 1125 796 1179 filios
836 1142 1013 1193 paternis
1053 1142 1200 1195 opibus
1231 1142 1415 1182 exclusos
1449 1141 1716 1194 petendorum
1752 1140 1950 1179 honorum
1984 1140 2080 1193 jure
2113 1141 2208 1193 lege

147 1214 373 1265 prohibuit.
444 1196 636 1253 Auctores
677 1221 768 1252 sunt
791 1215 900 1254 Plut.
930 1216 981 1252 ‘in
1011 1215 1148 1265 Sulla,
1191 1216 1295 1255 vell.
1314 1217 1480 1255 Patere.
1510 1215 1563 1263 ll,
1593 1214 1661 1253 28.
1692 1219 1731 1253 et
1758 1214 1929 1265 Dionys.
1958 1215 2055 1252 Hal.
2089 1215 2116 1253 l.
2146 1213 2205 1262 8.,

152 1288 222 1338 qui
251 1288 379 1338 addit,
408 1288 488 1327 illis
518 1289 637 1327 etiam
666 1288 819 1327 aditum
848 1289 890 1327 in
921 1295 1098 1328 senatum
1128 1289 1378 1329 obstructum
1395 1290 1532 1332 fuisse.
1590 1289 1730 1340 Itaque
1761 1289 1991 1341 petentibus
2022 1288 2117 1336 illis,
2148 1292 2204 1337 ut,

149 1361 242 1417 lege
271 1361 455 1402 Cornelia
493 1362 709 1417 abrogata,
760 1362 1095 1416 capessendorum
1134 1363 1337 1409 honorum
1376 1364 1453 1404 sibi
1492 1368 1670 1417 potestas
1700 1363 1832 1412 fieret,
1885 1360 2030 1402 Cicero
2060 1361 2204 1402 consul

149 1424 304 1478 restitit,
333 1451 371 1477 v,
402 1437 569 1486 Quintil.
603 1437 677 1488 11,
709 1438 758 1487 1,
788 1436 859 1478 85.
891 1444 929 1477 et
958 1438 1045 1479 cic,
1076 1440 1117 1478 in
1146 1439 1334 1479 Pisonem
1365 1451 1400 1481 c.
1432 1438 1498 1478 2.:
1543 1438 1664 1492 „Ego
1704 1430 1976 1476 adnleseentes
2006 1437 2134 1475 bonos
2165 1441 2206 1474 et

149 1511 294 1559 fortes,
334 1511 406 1549 sed
435 1523 527 1549 usos
558 1525 604 1549 ea
630 1512 861 1550 conditione
889 1513 1095 1562 fortunae,
1138 1518 1202 1562 ut,
1233 1514 1266 1552 si
1296 1518 1425 1552 essent
1452 1512 1706 1564 magistratus
1735 1511 1897 1563 adepti,
1926 1510 1984 1548 rei
2015 1510 2206 1562 publicae

149 1583 296 1624 statum
325 1585 554 1623 convulsuri
584 1586 832 1635 viderentur,
860 1587 959 1625 meis
988 1586 1207 1627 inimicitiis
1237 1588 1347 1626 nulla
1376 1593 1532 1627 senatus
1563 1587 1668 1624 mala
1698 1586 1827 1639 gratia
1857 1585 2111 1624 comitiorum
2142 1598 2207 1622 ra-

148 1658 256 1696 tione
283 1657 455 1709 privavi.
528 1657 637 1696 Hinc
666 1658 821 1697 Plinius
849 1659 1089 1706 Ciceronem
1118 1661 1354 1712 appellans:
1393 1661 1484 1710 „Te
1512 1665 1669 1708 orante,
1698 1659 1851 1711 inquit,
1888 1658 2208 1711 proscriptorum

147 1731 295 1770 liberos
327 1731 499 1770 honores
530 1737 666 1783 petere
695 1726 884 1784 puduit·“
1359 1776 1364 1778 ,

227 1856 231 1860 ‚
265 1803 368 1857 πρὸς
395 1801 476 1856 τὴν
495 1802 629 1858 αὐτὴν
655 1803 881 1851 ὑπόθεσιν)
909 1806 1093 1846 Eandem
1122 1807 1163 1846 in
1193 1806 1352 1859 republ.
1381 1806 1487 1845 viam
1517 1807 1758 1858 popularem
1789 1805 1935 1854 secuti,
1967 1810 2035 1843 aut
2065 1804 2206 1843 eadem

148 1877 338 1928 Syllanae
365 1879 591 1929 tyrannidis
617 1880 893 1918 criminatione
921 1881 1027 1920 freti.
1086 1881 1155 1920 Sic
1184 1882 1273 1932 ipse
1288 1881 1431 1919 Cicero
1450 1881 1509 1918 111.
1540 1881 1592 1918 de
1621 1881 1713 1932 lege
1742 1892 1826 1929 agr.
1855 1878 1898 1919 2.
1956 1878 2203 1926 „Marianus,

148 1951 330 1991 tribunus
360 1951 508 2004 plebis,
540 1946 610 2004 qui
637 1965 708 1992 nos
739 1952 926 2005 Syllanos
956 1955 997 1994 in
1026 1954 1220 1994 invidiam
1256 1952 1406 2007 rapit.“
1463 1953 1640 1996 lbids3.
1700 1951 1880 2003 ,‚Video‚
1917 1964 1990 1990 vos
2022 1964 2207 1992 commo-

148 2025 232 2064 veri
270 2026 459 2065 orationis
489 2027 741 2078 impudentia
769 2050 826 2057 —
863 2042 966 2079 quae
998 2029 1198 2080 ejusmodi
1228 2042 1347 2068 causa
1382 2028 1612 2068 insimulare
1639 2039 1881 2079 quemquam
1922 2026 2092 2075 audeat,
2138 2040 2206 2064 ra-

148 2098 274 2138 tiones
304 2097 442 2150 Syllae
472 2100 589 2140 nimis
619 2100 874 2142 vehementer
904 2102 1161 2143 defendere.“
1218 2103 1381 2143 Barton.

267 2170 459 2225 φυγάδας
481 2171 705 2223 ἐκβάλλειν)
744 2175 835 2215 Hae
861 2176 966 2217 duae
994 2177 1165 2221 voculae
1181 2176 1299 2232 ‘idem
1329 2177 1482 2227 valent,
1521 2176 1632 2228 quod
1671 2175 1843 2226 simplex
1881 2171 2133 2228 φυγαδεύειν,
2163 2172 2205 2209 in

150 2247 331 2285 exsilium
359 2248 525 2308 mittere,
555 2254 717 2288 auctore
747 2249 906 2299 Coruin,
937 2265 1112 2302 quocum
1141 2252 1240 2290 facit
1269 2264 1454 2302 anonym.
1484 2251 1597 2301 Lips.
1629 2250 1845 2288 adnotans:
1875 2246 2090 2297 „Reiskius
2120 2260 2203 2297 pu-

153 2319 264 2359 tabat
301 2326 396 2374 post
433 2318 616 2375 φυγάδας
653 2322 850 2364 excidisse
878 2323 1081 2376 κατάγειν.
1151 2324 1274 2365 Male.
1342 2325 1445 2364 Nam
1476 2337 1611 2364 sensus
1651 2323 1721 2362 hie
1750 2327 1829 2361 est:
1872 2319 2080 2371 ἐκβάλλὲιν
2110 2317 2203 2369 (αύ-

150 2389 265 2440 τούς)
294 2394 400 2435 ὥστε
430 2394 612 2449 φυγάδας
638 2397 877 2447 γενέσθαι.“
1338 2444 1342 2447 χ

262 2467 416 2507 Auctor
443 2470 566 2525 hujus
605 2471 707 2524 legis
737 2472 916 2524 agrariae
944 2473 1128 2524 patribus
1168 2472 1391 2510 admodum
1433 2473 1623 2510 molestae
1661 2476 1782 2529 atque
1821 2471 1989 2510 infestae
2028 2470 2075 2508 P.
2109 2468 2208 2508 Ser-

148 2539 268 2580 vilius
295 2540 458 2593 Rullus,
482 2545 666 2586 tribunus
696 2546 840 2600 plebis,
870 2545 959 2597 fuit,
989 2559 1107 2599 quam
1129 2544 1272 2595 Cicero
1302 2546 1429 2585 tribus
1451 2545 1502 2585 de
1516 2544 1613 2600 iege
1635 2546 1792 2599 agraria
1814 2544 2076 2595 orationibus,
2108 2557 2212 2596 quae

150 2614 387 2666 etiamnunc,
416 2617 489 2655 etsi
518 2630 598 2657 non
626 2621 822 2675 integrae,
844 2606 1066 2674 supersunt,
1096 2620 1337 2674 impugnans
1360 2619 1406 2657 id
1436 2619 1594 2670 effecit,
1623 2626 1668 2660 ut
1683 2620 1829 2659 Rullus
1861 2619 2074 2659 consilium
2105 2618 2207 2669 legis
