2486 3028
225 212 360 252 detur·
375 217 558 263 συνεχεῖ,
604 218 673 253 aut
702 212 783 251 tale
813 211 912 263 quid
946 212 1105 264 deesse,
1151 228 1200 254 ne
1238 216 1395 257 scilicet
1430 217 1528 257 huic
1556 217 1756 268 vocabulo
1787 182 1901 258 stum
1932 219 2037 260 desit
2065 222 2295 275 epithetum-

229 287 397 326 ‹luobas
417 284 632 340 appositi&
659 288 844 340 λογισμῷ
871 294 909 327 et
938 290 1109 338 συνέσει,
1140 303 1211 328 sua
1242 290 1482 331 habentibus
1512 292 1693 343 epitheta
1723 304 1913 346 congrua.
1972 294 2175 338 Reiskius.
2233 293 2289 337 Εἰ

225 361 429 412 Amyotus
469 362 628 412 aliquid
670 362 898 401 desiderare
939 364 1116 412 videtur,
1172 371 1349 404 vertens·
1416 359 1511 405 avec
1552 367 1708 419 pande
1743 347 1978 420 solicitude,
2019 368 2287 411 idem¹Kalt-

229 448 435 482 walnerus,
465 437 763 487 interpretanse'
783 437 914 475 durch
944 440 1207 478 u‘nermiidete
1237 440 1432 492 Sorgfast.

341 505 748 561 dantum,'persequi,
779 510 1021 565 investigare
1050 512 1229 565 aliquid..

338 580 496 631 ἔξωθεν
524 596 579 621 sc.
610 586 688 635 τῆς
717 584 985 635 συνωμοσίας

340 653 704 705 συνεξιχνεύοντας
732 658 865 710 αύτῳ)
897 658 957 698 sic
987 659 1090 699 bene
1109 660 1375 701 Frotscherus
1405 675 1481 715 pro
1504 643 1615 716 vulg
1643 661 1685 701 in
1714 661 1907 701 omnibus
1929 661 2133 714 impressis
2161 663 2287 718 αὐτό,

223 727 327 767 redit
356 729 462 767 enim
493 728 546 767 ad
576 730 806 788 subjectum
837 732 925 771 Cic.

337 801 563 847 πιστεύων)
595 805 786 844 Reiskins
818 808 986 856 quaerit,
1018 821 1110 845 num
1142 809 1193 845 sit
1221 809 1386 846 verbum
1417 808 1607 862 graecum
1636 807 2287 864 πυστεύεινρτοπυνθάνεσθαις

223 882 269 917 ut
298 876 514 918 πυστεύων
550 894 626 932 pro
667 883 779 935 vulg.
810 881 1017 923 πιστεύων
1053 883 1257 935 ponatur?
1315 884 1429 923 Nihil
1468 897 1560 922 cum
1591 883 1738 922 Coraio
1777 884 2012 921 mutandum
2051 885 2286 932 censuerim,

223 954 472 1005 praesertim,
504 968 629 1005 quum
660 956 829 996 verbum
859 955 1080 997 πυστεύειν
1108 958 1217 997 omni
1247 957 1476 1012 graecitatis
1510 949 1746 996 auctoritate
1775 963 1929 1006 careat,
1959 963 1998 996 et
2027 956 2145 996 lectio
2174 957 2287 1010 vulg.

225 1013 380 1065 bonum‘
409 1041 571 1067 sensnm
600 1030 771 1070 fundat:
809 1043 900 1084 cum
932 1031 1068 1070 multis
1099 1044 1281 1083 quoque,
1311 1032 1381 1083 qui
1412 1030 1633 1084 participes
1663 1041 1748 1068 esse
1773 1029 2014 1068 videbantur
2042 1030 2289 1083 conjuratio—

226 1102 302 1149 nis,
335 1108 486 1139 secreta
517 1104 722 1152 colloquia
753 1119 877 1153 quum
908 1094 1087 1151 haberet,
1118 1105 1265 1153 quibus
1294 1105 1450 1152 fideret,
1481 1105 1674 1155 cognovit
1702 1103 1846 1141 Cicero
1875 1109 1952 1141 etc.

341 1172 604 1228 ἐνεδρεύσας)
644 1177 748 1215 Rem
790 1183 917 1215 totam
956 1177 1180 1229 legatorum
1209 1178 1480 1229 Allobrogum
1512 1177 1656 1216 Cicero
1685 1177 1774 1228 ipse
1802 1176 1930 1215 fusius
1960 1181 2092 1216 narrat
2119 1176 2160 1215 in
2189 1183 2289 1217 orat.

225 1249 266 1286 in
297 1248 385 1287 Cat.
416 1248 456 1297 3,
485 1261 521 1289 c.
556 1249 696 1288 2-6,
754 1250 962 1289 Praetores
985 1251 1091 1289 enim
1112 1251 1161 1290 L.
1189 1251 1361 1290 Flaccus
1394 1258 1433 1289 et
1460 1250 1505 1290 C.
1537 1250 1747 1289 Pomtiuus
1788 1262 1879 1289 cum
1910 1251 2070 1289 armatis
2102 1250 2155 1290 ad
2184 1264 2291 1303 pon-

225 1328 305 1361 tem
343 1323 532 1362 Milvium
563 1325 723 1365 occulte
752 1331 1039 1378 pervenerunt,
1091 1338 1220 1377 eoque
1258 1325 1504 1376 Allobroges
1543 1336 1635 1363 cum
1668 1321 1906 1364 Vulturcio
1900 1336 2041 1374 quum
2080 1325 2291 1373 venissent,

227 1395 441 1446 intercepti
473 1397 552 1447 ipsi
582 1398 802 1448 literaeque
831 1399 997 1450 integris
1029 1399 1154 1450 signis
1184 1399 1438 1450 praetoribus
1468 1398 1639 1436 traditae
1669 1402 1771 1435 sunt.

344 1468 649 1523 συνεργούντων
686 1469 848 1524 ἀδήλως
888 1475 971 1510 τῶν
1006 1470 1262 1525 Αλλοβρίγων
1305 1473 1514 1516 (scribitur
1561 1477 1601 1509 et
1629 1468 1899 1521 Ἀλλοβρύγων
1937 1476 1977 1508 et
2007 1436 2290 1522 Ἀλλοβρόγων)

229 1543 366 1594 Vulgo
397 1556 465 1593 ap.
495 1544 620 1581 Henr.
651 1544 811 1595 Steph„
840 1545 982 1592 Frob„
1011 1545 1107 1594 xyl.
1136 1545 1300 1582 additur
1330 1541 1519 1596 ἀλλήλοις
1548 1549 1638 1582 ante
1668 1541 1840 1594 ἀδήλως.
1899 1542 2097 1580 Bartonus
2127 1555 2289 1593 prorsus

229 1616 394 1666 quidem
425 1617 639 1655 assentitur
667 1617 829 1669 Bryano
862 1617 1033 1655 dicenti:
1066 1617 1235 1655 Videtur
1264 1616 1367 1654 haec
1396 1629 1474 1654 vox
1500 1617 1539 1654 in
1570 1621 1720 1654 textum
1750 1615 1956 1666 irrepsisse
1981 1629 2028 1654 ex
2048 1617 2289 1666 quibusdam

230 1690 389 1739 Codd.‚
419 1690 461 1729 in
493 1691 642 1741 quibus
673 1705 797 1742 prave
826 1703 902 1742 pro
934 1688 1116 1744 ἀδήλως,
1157 1690 1268 1741 quod
1300 1691 1490 1740 sequitur,
1519 1690 1669 1740 scripta
1698 1686 1830 1728 fuerit.
1889 1689 2003 1728 Idem
2032 1692 2106 1729 etsi
2129 1690 2292 1742 judicat

229 1764 535 1814 wyttenbach,
573 1771 702 1802 tamen
742 1770 871 1803 servat
911 1762 1113 1816 ἀλλήλοις.
1192 1764 1351 1802 Eodem
1392 1769 1490 1802 teste
1529 1769 1698 1812 utraque
1736 1775 1814 1800 vox
1842 1752 2034 1814 ἀλλήλοις
2061 1761 2222 1816 ἀδήλως
2250 1765 2290 1802 in

231 1837 334 1876 Cod.
365 1837 560 1896 Vaticano
590 1839 715 1878 abest.
773 1836 977 1889 Reiskius,
1008 1838 1238 1887 Huttenius,
1269 1837 1452 1885 eonius,
1482 1835 1722 1875 Schneierus
1753 1841 1793 1882 et
1822 1834 2087 1876 Frotscherus
2115 1837 2290 1889 priorem

233 1917 339 1950 recte
368 1912 602 1952 omiserunt.

1039 2090 1493 2098 μὴ,

896 2226 1340 2291 CAPUT
1418 2223 1683 2300 xlx„

342 2421 445 2470 Ἅμα
464 2420 498 2459 ὁ’
515 2422 645 2472 ήμερᾳ
673 2422 806 2471 prima
836 2422 940 2468 luce,
970 2422 1039 2458 ubi
1069 2422 1245 2471 primurn
1274 2418 1417 2457 illuxit.
1476 2418 1590 2455 Hinc
1614 2429 1742 2466 usque
1771 2416 1825 2453 ad
1854 2414 1976 2452 verba
1990 2411 2104 2459 τέλος
2131 2409 2176 2451 δὲ
2192 2413 2293 2450 Plu—

238 2491 402 2532 tarchus
433 2494 484 2534 de
513 2493 634 2534 variis
665 2494 883 2533 rationibus
914 2494 1019 2548 agit,
1059 2493 1205 2545 quibus
1245 2492 1389 2532 Cicero
1431 2491 1731 2543 conjuratorum
1769 2487 1936 2528 consilia
1963 2487 2293 2540 comperit‚.-pri-

239 2580 349 2607 mum
367 2568 549 2620 epistolis
566 2567 796 2615 recitandis,
825 2574 910 2606 tum
939 2568 1143 2607 indicibus
1173 2565 1483 2622 interrogandis,
1509 2564 1658 2604 deinde
1671 2562 1796 2602 Junio
1819 2561 1956 2601 Silano
1984 2562 2037 2601 de
2064 2573 2164 2601 voce
2192 2573 2294 2613 qua-
