2486 3028
1037 92 1294 132 -.·Ϊ.-

136 217 246 258 effla.
270 193 665 255 venerantum-e
703 206 979 246 accusabatur.
1018 206 1109 246 Act.
1127 233 1129 235 ,
1149 207 1178 247 1.
1205 206 1397 246 iuven..
1422 207 1490 246 18.
1518 229 1575 238 —
1614 205 1954 262 Repetundaram
1984 210 2192 252 damnatos

134 279 268 344 poena
297 284 502 340 duplionis
533 280 674 335 vulgo,
704 283 743 318 et
772 278 902 332 major
929 278 1161 330 aliquando,
1191 280 1390 330 manebat,
1421 285 1464 319 ut
1493 294 1540 320 ex
1568 282 1680 322 libris
1703 282 1810 336 juris
1841 284 2097 324 manifestum
2119 293 2193 336 est,

137 371 187 406 et.¹
205 362 403 404 Asconius
430 357 578 412 apeme
608 355 739 395 verbis
764 359 983 406 attestatur.
1040 353 1170 407 Igitur
1198 355 1407 394 minimum
1425 355 1491 394 H.
1514 355 1557 394 S.
1587 358 1850 410 octingenties
1880 359 2044 399 nomine
2073 360 2190 413 dupli

137 440 268 494 repes,
297 435 485 488 exigique
514 445 537 470 a
566 431 690 471 Verre
718 430 912 484 oportuit,
942 428 1056 482 qnod
1085 421 1351 469 orainrinter‘
1377 430 1691 485 agendum-non
1714 431 1836 472 modo
1866 435 2089 486 praestitit:
2120 435 2192 474 sed

139 516 258 555 etiam
288 508 395 560 rapti
425 507 756 558 sesquialterum,
795 507 822 544 i.
854 519 888 545 e.
918 505 972 544 H.
1003 504 1046 543 S.
1076 505 1222 544 millies
1260 517 1335 557 per
1363 500 1534 557 αὔξησιν
1560 505 1698 559 palam
1726 519 1774 546 ac
1805 507 1952 547 diserte
1980 510 2189 552 in'Divin.

138 587 177 626 5.
204 581 414 634 flagitavit.

256 660 407 714 Tricies
434 672 490 710 H.
515 670 557 710 S.
587 676 721 710 nostro
753 669 991 708 numismate
1021 673 1111 707 sunt
1132 667 1318 717 300,0⁰0
1335 667 1470 715 flori-,3
1499 668 1805 725 quadrinqentes
1823 670 2054 721 4‚000‚ooo
2067 673 2194 719 flou-3

137 749 373 805 dctinqentes
389 744 633 797 ²8,0⁰G,000
643 745 709 798 fl.,·
738 744 913 797 denique
941 741 1097 784 millies>
1114 748 1214 782 sunt
1235 741 1492 793 10,000,000
1509 735 1616 782 florr.
1674 744 1758 784 Has
1777 751 1859 785 tam
1877 745 2060 799 ingentes
2078 761 2191 787 sum-

136 837 220 862 mas
243 822 292 859 in
321 820 494 872 primam
523 820 634 858 illam
665 824 747 857 tam
776 818 963 870 exiguam
994 815 1200 856 Ciceronis
1230 816 1483 855 conniventia
1521 822 1560 855 et
1596 818 1937 868 praevaricatione
1967 819 2194 860 decrevisse

137 877 433 937 et''³imiiiirr'utas
464 907 556 934 esse
594 897 673 932 non
725 905 819 932 sane
856 874 1087 943 quisquam⁴
1112 888 1188 929 sibi
1217 889 1462 943 persuadere
1489 890 1631 944 possit.
1689 890 1934 932 Middleton.
1966 897 2063 932 tom.
2093 894 2120 932 1.
2150 908 2193 948 p.

136 970 232 1009 112.
264 968 444 1021 conjicit,
473 970 651 1007 summae
679 965 991 1019 repetundarum
1019 970 1105 1004 tum
1135 964 1327 1018 simplum
1354 970 1520 1014 tantum,
1552 978 1631 1003 non
1664 966 1849 1019 duplum,
1878 967 2049 1004 ut'alias
2067 995 2078 1016 ,
2109 980 2194 1007 esse

134 1027 375 1094 restitutum,
406 1042 580 1095 ideoque
610 1038 868 1091 Ciceronem,
899 1039 1118 1080 Plutarcho
1149 1046 1334 1091 auctore,
1371 1040 1413 1079 in
1445 1041 1715 1093 suspicionem
1746 1040 1828 1079 litis
1856 1040 2087 1081 imminutae
2118 1042 2193 1080 ad-

137 1118 232 1158 duci
261 1109 455 1172 p‘otuis'se,
484 1117 558 1158 etsi
580 1128 680 1157 ‘eum
706 1111 896 1171 illaipsa
926 1128 1046 1157 causa
1072 1112 1288 1156 maximam
1318 1121 1356 1156 et
1385 1115 1569 1155 solertiae
1599 1121 1637 1155 et
1665 1114 1880 1169 probitatis
1909 1115 2085 1169 gloriam
2118 1114 2195 1155 sibi

135 1187 346 1247 peperisse>
370 1190 535 1232 cons-tet.
829 1174 832 1176 Ι
1247 1191 1250 1195 ’

251 1282 311 1326 ἐπ’
340 1282 525 1339 ἀργυρίῳ,
555 1282 728 1339 pecunia
757 1283 938 1336 accepta.

251 1373 376 1429 χάριν
406 1373 580 1427 εἰδότες)
612 1373 735 1429 χάριν
762 1371 1018 1427 γιγνώσκειν,
1059 1372 1340 1423 ἐπίστασθαι,
1384 1372 1555 1423 εἰδέναι,
1587 1372 1697 1425 ἔχειν
1724 1374 1877 1416 habere
1904 1377 2099 1429 gratiam,
2130 1378 2197 1417 vel

138 1449 328 1504 gratias3.
349 1447 472 1504 χάριν
498 1449 641 1501 λέγειν,
668 1462 789 1502 agere
818 1448 991 1506 gratias3
1028 1445 1151 1501 χάριν
1188 1444 1457 1495 ἀποδιδόναι,
1488 1446 1720 1500 ἀπονέμειν,
1748 1447 1932 1499 ἐκτίνειν,
1961 1449 2103 1499 τίνειν,
2129 1463 2197 1491 re-

137 1524 254 1572 ferre,
282 1523 469 1573 tribuere,
490 1523 660 1574 reddere
687 1523 881 1575 gratiatu3
910 1519 1035 1574 χάριν
1064 1518 1384 1570 ἀπολαμβάνειν,
1414 1521 1586 1571 gratiam
1617 1534 1775 1572 capere,
1805 1521 1928 1559 Dank
1956 1523 2170 1561 einernten.

249 1585 606 1651 ἀγορανομοῧντος
637 1580 785 1647 advos)
817 1595 949 1634 aedile
979 1607 1040 1644 eo,
1069 1606 1108 1633 a.
1140 1606 1178 1632 u.
1210 1605 1245 1632 c.
1275 1590 1373 1642 684,
1406 1591 1612 1632 Ciceronis
1641 1592 1715 1633 38.
1744 1592 1809 1634 Cf.
1839 1593 2052 1634 Fabricius
2082 1595 2110 1634 1.
2139 1596 2168 1634 l.

210 1696 212 1698 -
253 1667 541 1725 ἀπεχρήσατο)
574 1666 868 1724 ἀποχρῆσθαι,
900 1667 1010 1720 quod
1036 1666 1135 1704 alias
1166 1666 1273 1704 malo
1304 1648 1445 1714 sensu,
1467 1671 1509 1704 ut
1538 1667 1665 1705 multa
1694 1667 1816 1706 verba
1846 1679 1939 1706 cum
1967 1667 2046 1707 hac
2075 1681 2198 1720 prae-

137 1745 340 1797 positione
370 1745 616 1797 composita,
646 1757 679 1782 e.
713 1757 754 1797 g.
785 1740 1013 1796 ἀποτιμάω,
1044 1738 1335 1794 ἀπογίγνομαι,
1367 1738 1678 1793 ἀπογιγνώσκω,
1710 1740 1925 1791 ἀποδοκεῖ,
1968 1748 2196 1795 usurpatur,

137 1825 183 1857 ut
201 1819 263 1858 sit
292 1819 510 1868 conficere,
550 1830 805 1869 consumere,
844 1817 976 1866 abuti,
1017 1818 1121 1856 male
1149 1817 1229 1866 uti,
1259 1815 1301 1855 h.
1333 1817 1360 1854 1.
1387 1829 1464 1869 pro
1504 1817 1682 1868 simplici
1720 1817 1914 1871 χρῆσθαι
1962 1816 2196 1866 adhibetur,

137 1893 203 1931 vel
232 1899 277 1932 ut
306 1894 578 1947 significetur,
606 1892 841 1931 Ciceronem
871 1892 1099 1931 Siculorum
1130 1891 1401 1929 munificentia
1431 1891 1510 1929 alio
1541 1892 1684 1943 modo,
1724 1904 1773 1930 ac
1800 1904 1877 1943 pro
1895 1892 2029 1930 vsolita
2057 1892 2196 1930 homi-

136 1980 233 2005 num
273 1968 422 2020 agendi
463 1967 617 2007 ratione
654 1980 729 2020 par
765 1966 884 2005 fuerit
913 1966 1146 2017 exspectari,
1177 1980 1264 2006 esse
1300 1979 1431 2005 usum.
1462 1966 1571 2005 Tim.
1602 1965 1670 2004 16.
1700 1966 1804 2019 πρὸς
1832 1964 2052 2005 κάλλιστον
2079 1964 2196 2019 ἔργον

137 2037 407 2096 ἀπεχρήσατο
435 2043 491 2098 τῇ
520 2040 662 2098 σχολῇ.
721 2039 815 2079 vid.
845 2040 900 2079 ib.
929 2039 1134 2079 Heldium.

245 2128 428 2186 Ἄρποις)
460 2132 667 2173 Ciceronis
699 2136 757 2178 (et
786 2131 833 2171 C.
862 2131 1004 2183 Marii)
1032 2131 1162 2185 patria
1191 2130 1269 2169 fuit
1298 2131 1500 2183 Arpinum
1523 2130 1839 2183 *inCampania
1876 2130 1917 2168 in
1945 2142 2042 2181 agro
2072 2129 2194 2167 Vols-

98 2249 104 2254 ,
139 2211 495 2257 corum-veterum,
523 2207 632 2245 unde
663 2206 834 2259 Arpinas
865 2206 995 2245 dictus
1022 2210 1093 2244 est.
1151 2204 1255 2256 Arpi
1285 2210 1417 2244 autem
1448 2211 1508 2243 est
1535 2205 1640 2254 urbs
1660 2205 1846 2256 Apuliae,
1874 2204 1915 2241 in
1934 2203 2093 2241 diversa
2112 2202 2195 2240 Ita-

138 2276 215 2318 liae
242 2287 370 2333 parte,
399 2287 445 2321 ut
472 2282 594 2335 plane
623 2280 707 2321 hue
744 2294 824 2321 non
853 2280 1034 2333 quadret.
1066 2280 1181 2321 ⁴³Nisi
1222 2280 1424 2332 Arpinum
1451 2280 1558 2319 'forte
1588 2278 1753 2319 Graecis
1775 2274 1917 2331 ’Άρποι
1946 2278 2100 2318 dictum
2128 2277 2195 2326 sit,

138 2352 249 2400 quod
277 2356 440 2396 credere
465 2362 525 2396 est
546 2356 707 2400 durum.
736 2355 828 2407 Xyl.
860 2356 908 2394 In
923 2354 1065 2394 Marco
1095 2366 1133 2393 c.
1161 2354 1202 2393 3.
1232 2360 1340 2395 recte
1369 2355 1558 2395 scribitur
1580 2351 1753 2406 Ἀρπίνη.
1783 2352 1895 2391 Edd.
1913 2352 2034 2406 Augl.
2056 2352 2195 2403 itaque

139 2423 391 2468 scribendum
408 2430 639 2470 credebaut
656 2427 869 2483 Ἀρπίνοις,
899 2428 1010 2480 quod
1038 2428 1308 2487 Frotscherus
1329 2430 1445 2469 solus
1476 2430 1516 2478 in
1546 2433 1697 2467 textum
1726 2428 1890 2480 recepit.
1928 2450 1985 2457 —-
2030 2427 2197 2466 Praeter

136 2496 244 2536 hanc
272 2500 408 2539 sedem
438 2518 534 2544 suae
553 2505 731 2544 familiae
749 2504 958 2556 propriam
975 2503 1133 2542 Cicem‘
1157 2504 1199 2542 in
1237 2504 1404 2543 diversis
1438 2503 1608 2554 quidem
1633 2501 1777 2541 ltaliae
1806 2502 2039 2553 regionibus
2069 2501 2196 2539 multa

136 2592 193 2602 ν·-
226 2573 453 2624 octodecim
483 2584 737 2620 numerantur
775 2593 799 2617 a
841 2577 1084 2630 quibusdam
1123 2578 1386 2631 scriptoribus
1416 2600 1472 2607 —
1500 2576 1688 2629 praedia,
1724 2575 1797 2616 sed
1832 2575 2012 2616 omnium
2050 2573 2196 2614 habuit
