2486 3028
1008 93 1066 101 .-
1123 72 1181 112 ῃ
1237 94 1295 103 .-

132 191 225 231 dam
256 187 430 243 Cethegi
459 187 673 235 referente,
710 188 853 238 postea
880 184 1028 224 Pisone
1066 185 1234 226 eandem
1272 197 1358 223 rem
1395 195 1486 223 cum
1515 187 1602 225 aliis
1633 189 1906 239 confirmante,
1934 191 2097 245 insuper
2125 195 2173 235 C.

127 264 313 317 Sulpicio
344 276 391 304 ex
420 262 594 322 Cethegi
624 260 791 299 aedibus
821 259 958 298 delicti
997 272 1178 311 corpora,
1208 273 1318 299 arma
1347 260 1506 311 telaque
1536 261 1725 312 plurima,
1754 265 1997 320 proferente,
2030 272 2069 305 et
2099 266 2173 306 de·

124 339 248 389 nique
284 334 631 383 Vulturciofide
660 334 775 384 data,
809 335 944 374 omnia
971 335 1259 386 patefaciente:
1310 348 1413 386 quae
1442 334 1602 387 singula
1632 336 1917 388 conjurationis
1950 340 2101 379 indicia
2131 348 2171 380 et

126 415 365 455 documenta
401 408 605 463 particula
644 406 689 449 δὲ
723 409 892 462 repetita
921 408 1024 446 inter
1052 421 1094 447 se
1124 415 1421 449 connectuntur.
1481 409 1547 448 cf.
1580 409 1694 447 Caes.
1720 411 1761 452 9.
1823 413 1986 464 Φρύγες
2013 413 2090 466 μὲν
2118 437 2175 445 .-

122 489 307 542 Ῥωμαῖοι
346 482 391 524 δὲ
418 506 475 514 -
505 482 690 536 Ἓλληνες
727 481 772 522 δὲ
794 505 851 513 -
880 483 962 520 Vit.
981 483 1115 520 Anton
1144 481 1212 520 80.
1243 481 1485 536 ἀναστῆναι,
1515 482 1723 534 κελεύσας,
1754 482 1841 538 ἔφη,
1871 485 2008 537 πάσας
2034 486 2171 538 αἰτίας

123 562 199 600 τὸν
227 559 359 613 δῆμον
387 557 573 612 ἀφιέναι,
596 560 768 609 πρῶτον
795 554 871 607 μὲν
900 552 969 595 διὰ
997 555 1072 596 τὸν
1097 553 1264 609 κτίστην
1294 553 1571 612 Ἀλέξανδρον,
1612 556 1807 613 δεύτερον
1837 557 1903 607 δὲ,
1942 581 1996 588 -
2035 561 2174 613 τρίτον

125 630 183 680 δὲ,
214 653 266 660 -
291 628 369 670 Dio
388 630 598 681 chrysost.
618 629 731 670 Orat.
747 629 831 667 xli.
862 626 971 667 ἔνθα
988 626 1022 667 δ’
1043 630 1141 681 ὁρᾷς
1170 633 1386 679 πανταχοῦ
1404 630 1479 682 μὲν
1508 632 1618 684 ξίφη,
1647 637 1866 683 πανταχοῦ
1889 633 1934 674 δὲ
1962 633 2174 687 θώρακας,

124 708 339 756 πανταχοῦ
350 703 404 743 ’.δὲ
432 702 601 755 δόρατα,
637 700 785 741 πάντα-
808 699 852 741 δὲ
879 700 1023 750 ἵππων,
1053 698 1193 744 πάντα
1223 702 1268 745 δὲ
1298 702 1442 754 ὃπλων,
1471 704 1609 745 πάντα
1639 705 1683 745 δὲ
1716 707 1975 760 ὡπλισμένων
2010 705 2174 759 ἀνδρῶν

122 778 268 831 μεστά.
329 778 393 818 Cf.
423 777 565 829 viget.
591 775 644 816 de
673 774 870 816 Idiotism.
900 787 943 828 p.
972 774 1072 822 535.

238 852 297 902 εἰς
329 851 379 893 τὸ
416 854 495 905 τῆς
533 847 746 902 Ὁμονοίας
786 846 912 902 ἱερὸν)
951 849 992 885 in
1029 851 1225 902 templum
1265 852 1518 890 Concordiae
1556 866 1579 890 a
1608 853 1812 892 Dictatore
1841 854 1965 894 Furio
1997 854 2170 896 Camillo

123 927 344 974 conditum,
372 926 443 963 ubi
473 924 526 962 ad
556 924 700 961 collem
731 922 1005 973 Capitolinum
1034 926 1281 975 ascenditur,
1320 926 1429 965 unde
1469 915 1528 966 ris
1550 946 1552 948 >
1574 926 1870 979 conjuratorum
1907 928 2068 968 facilius
2099 929 2172 969 de-

122 1002 222 1052 pelli
252 1005 443 1051 poterat..
481 998 530 1036 V.
560 997 645 1037 Cic.
676 996 862 1048 Philipp.
893 996 935 1046 7,
963 996 1002 1036 8.
1033 1011 1107 1050 pro
1137 998 1245 1038 Sext.
1277 998 1354 1048 12.
1374 999 1537 1038 Sallust.
1568 999 1655 1038 Cat.
1676 1000 1744 1038 46.
1773 1001 1924 1051 ibique,
1956 1002 2066 1052 quod
2097 1001 2173 1040 ad-

125 1074 278 1113 notavit
305 1072 554 1125 Herzogius,
590 1076 630 1110 et
658 1069 728 1109 49.
786 1068 850 1109 Cf.
880 1070 986 1109 Plut.
1015 1068 1175 1109 Camill.
1214 1071 1283 1110 42.
1343 1071 1596 1124 ἐψηφίσαντο
1631 1077 1705 1117 (sc.
1735 1076 1762 1125 η’
1788 1072 1950 1126 Βουλῆ)
1990 1077 2068 1127 τῆς
2095 1073 2170 1125 μὲν

120 1144 331 1201 Ὁμονοίας
359 1143 490 1199 ἱερὸν,
520 1143 651 1195 ὥςπερ
678 1140 833 1196 ηὔξατο
860 1146 882 1181 ὁ
901 1143 1133 1194 Κάμιλλος,
1166 1146 1222 1193 εἰς
1246 1143 1327 1199 τήν
1357 1144 1512 1198 ἀγορὰν
1532 1144 1599 1185 καὶ
1620 1147 1680 1195 εἰς
1705 1144 1787 1200 τήν
1807 1146 2019 1200 ἐκκλησίαν
2038 1144 2171 1188 dnon-

121 1235 209 1269 τον,
233 1243 292 1251 —
315 1218 584 1272 ἱδρύσασθαι.
651 1219 716 1257 Cf.
743 1218 897 1257 Sachse
921 1218 1228 1273 Beschreibung
1249 1219 1323 1258 der
1347 1219 1469 1259 stadt
1488 1221 1610 1262 Rom.
1638 1234 1682 1273 p.
1710 1219 1803 1259 153.
1824 1221 1908 1259 und
1929 1221 2074 1260 Adlers
2092 1222 2170 1262 Be-

121 1295 370 1346 schreibung
400 1292 477 1344 der,
495 1292 613 1331 Stadt
639 1293 757 1332 Rom.
785 1305 830 1344 p.
859 1291 956 1331 256.
1013 1289 1226 1331 Discordia
1251 1288 1399 1327 civium
1418 1289 1654 1328 antecedens
1673 1291 1911 1341 plerumque
1940 1303 2058 1330 causa
2092 1293 2171 1331 fuit

129 1368 381 1410 Concordiae
413 1367 608 1417 templum
644 1366 816 1406 vovendi
848 1371 887 1404 et
927 1366 1182 1414 aedificandi.
1235 1365 1362 1403 Erant
1401 1370 1533 1402 autem
1555 1364 1674 1416 plura
1700 1364 1823 1417 hujus
1857 1365 1967 1405 Deae
2004 1366 2169 1419 templa.

234 1440 444 1490 ἐξανέγνω)
477 1440 529 1478 de
557 1440 708 1486 scripto
736 1439 940 1477 recitabat.
963 1452 1001 1477 v.
1031 1440 1159 1486 infra,
1186 1450 1222 1476 c.
1252 1438 1321 1476 27.
1388 1438 1590 1476 Reiskius.

240 1516 332 1554 Τῶν
358 1515 542 1564 μενυτῶν
569 1510 802 1564 διήκουσεν]
835 1512 885 1550 V.
917 1524 1038 1562 supra
1067 1522 1102 1549 c.
1133 1511 1171 1548 4.
1203 1511 1288 1548 init.

236 1586 417 1633 Σιλανὸς
444 1582 622 1633 Ἰούνιος)
653 1584 704 1623 D.
733 1584 877 1621 Junius
902 1584 1061 1621 Silanus
1092 1584 1180 1625 (alii
1211 1583 1386 1621 Sillanus
1417 1583 1613 1625 scribunt)
1645 1596 1692 1622 eo
1722 1590 1903 1635 tempore
1933 1588 2071 1624 consul
2095 1588 2169 1626 de-

120 1660 296 1713 signatus
327 1662 422 1706 erat,
450 1660 590 1704 postea
609 1656 657 1701 ,in
687 1661 823 1693 senatu
853 1640 1084 1692 sententiani
1114 1655 1267 1705 primus
1290 1654 1554 1708 interrogatus
1592 1656 1643 1695 de
1672 1657 1888 1709 conjuratis
1920 1661 2167 1710 supplicium

120 1732 357 1774 sumendum
387 1717 584 1774 deerevin
612 1729 727 1778 isque
755 1733 908 1780 postea,
938 1733 1140 1778 permotus
1170 1727 1348 1767 oratione
1376 1727 1424 1768 C.
1456 1728 1650 1780 Caesaris,
1678 1731 1853 1783 pedibus
1873 1733 1913 1770 iu
1933 1736 2166 1773 sententiam

120 1807 219 1847 Tib.
246 1804 414 1845 Neronis
441 1804 587 1841 iturum
618 1815 659 1840 se
689 1802 803 1840 dixit.
832 1832 834 1835 ,
862 1800 911 1838 V.
941 1800 1102 1839 Sallust.
1133 1800 1218 1838 Cat.
1249 1799 1320 1856 5⁰7
1758 1805 1763 1808 '

233 1877 385 1919 ὕπατοί
412 1889 459 1916 τε
488 1875 627 1928 τρεῖς)
646 1887 701 1914 sc.
732 1874 814 1912 duo
844 1875 1028 1914 consules
1058 1874 1164 1913 illius
1194 1858 1355 1911 anni‘et
1383 1886 1430 1912 ex
1459 1862 1749 1928 designatisin
1779 1890 1925 1915 annum
1952 1885 2164 1930 posterum

122 1953 233 1991 alter.

235 2022 341 2077 ἀνὴρ
367 2022 566 2070 ὑπατικὸς
593 2022 655 2061 vir
683 2022 918 2061 consularis.

234 2094 449 2149 εἰςήγγειλε
496 2109 545 2133 ex
583 2094 860 2134 emendatione
898 2094 1056 2142 Coraii,
1096 2093 1161 2132 cui
1210 2100 1249 2131 et
1287 2093 1551 2132 Frotscherus
1591 2095 1858 2146 adstipulatur
1896 2109 1972 2147 pro
2003 2097 2159 2148 vulgari

122 2168 344 2223 εἰςήγγελι,
373 2182 494 2218 quam
522 2168 638 2218 Xyl„
668 2166 870 2215 Reiskius,
899 2166 1112 2205 Huttenius
1143 2171 1182 2203 et
1210 2166 1279 2202 alii
1309 2165 1472 2214 habent.

235 2243 276 2284 Γ
272 2244 360 2291 α’ίος
386 2239 649 2288 Σουλπίκιος)
687 2239 772 2278 Cic.
804 2240 844 2278 in
874 2240 961 2278 Cat.
991 2237 1032 2284 3,
1062 2237 1124 2274 ἃς
1170 2236 1243 2284 ‚‚C.
1273 2236 1520 2307 Sulpicium,
1561 2242 1805 2287 praetoiem‚
1844 2237 1989 2276 fortem
2019 2241 2160 2287 virum,

121 2318 224 2365 misi,
253 2320 323 2368 qui
353 2331 400 2356 ex
427 2317 592 2355 aedibus
623 2313 808 2366 Cethegi,
838 2314 871 2352 si
902 2312 1000 2363 quid
1029 2311 1201 2350 telorum
1232 2316 1347 2360 esset,
1375 2309 1555 2350 efferret:
1586 2322 1633 2348 ex
1663 2310 1808 2360 quibus
1845 2311 1914 2350 ille
1944 2312 2159 2354 maximum

120 2391 302 2430 sicarum*
320 2404 525 2431 numerum
554 2395 593 2428 et
622 2388 850 2442 gladiorum
879 2384 1060 2425 extulit.“

232 2461 520 2519 Κροτωνιάτῃ)
552 2461 774 2500 Vulturoio.
831 2460 880 2497 V.
909 2459 956 2498 C.
985 2459 1105 2498 xvu.

234 2535 432 2585 Λέντλος)
463 2549 500 2574 v.
530 2548 568 2574 c.
595 2535 713 2576 xvii.
742 2533 827 2572 init.
