2486 3028
1142 85 1402 129 „s-

232 201 484 241 carissimum
520 198 808 251 Tusculanum,
857 200 971 254 quod
1007 205 1124 240 antea
1160 200 1380 241 metatoris
1420 200 1562 242 Sullae
1601 201 1742 243 fuerat.
1801 200 1895 242 Vid.
1925 202 2172 249 Middleton.
2201 212 2310 249 tom.

230 277 274 322 4.
303 291 348 330 p.
377 274 475 316 295.
505 289 594 328 squ
2148 302 2150 305 .
2264 301 2267 306 ·

346 347 523 400 δώδεκα)
568 361 624 388 sc.
656 346 900 402 δραχμῶν
877 366 904 405 η
937 349 1148 403 δηναρίων.
1209 351 1337 391 Teste
1365 351 1420 390 H.
1461 351 1672 404 Stephano
1710 354 1831 392 etiam
1870 353 2018 407 legitur
2056 352 2163 394 δέκα.
2230 355 2312 397 Sic-

231 423 303 470 dat
331 422 569 510 vulcobins.
638 422 717 464 Illa
754 436 909 467 samma
937 424 1104 466 conficit
1136 423 1295 476 48,ωο
1323 425 1365 466 fl.
1393 426 1519 467 nostri
1547 426 1716 480 argenti.

346 498 463 537 ἐννέα
491 521 550 530 --
577 496 820 552 μυριάδας)
830 499 858 538 ἰ.
889 513 923 537 e.
952 498 1112 549 36,000
1141 500 1184 541 fl.

345 569 543 624 Ἑλλήνων
571 570 637 612 καὶ
665 572 868 624 Ῥωμαίων
897 571 1138 626 φιλολόγων)
1180 574 1370 615 Reiskius
1409 575 1462 614 de
1501 586 1573 613 suo
1612 572 1726 611 dedit
1756 573 1999 626 φιλολογῶν,
2043 580 2089 613 ut
2115 576 2168 614 sit
2196 580 2297 624 part.

229 644 345 685 verbi
375 644 626 697 φιλολογεῖν;
657 646 771 698 quod
799 647 983 702 ineptum
1012 648 1252 703 figmentum
1280 660 1392 687 more
1420 660 1493 688 suo
1520 647 1561 686 in
1585 651 1736 687 textum
1757 646 1912 699 recepit
1932 646 2161 687 Huttenius.
2193 649 2298 688 Fro-

230 718 385 787 Ιιοιιίιιιι,
414 718 469 756 H.
489 718 650 771 steph„
678 720 789 772 Xyl„
818 715 981 761 Barton.
972 749 995 771 .,
1025 722 1244 774 Wyttenb„
1274 719 1531 771 Schaeterus,
1561 719 1830 761 Frotscherus
1859 721 2067 818 vulgarem
2085 721 2299 763 lectionem

231 797 343 832 recte
372 798 544 833 tuentur.
2192 816 2197 819 -

349 864 542 918 σπάνιον,
575 882 610 909 ει
626 881 743 918 ποτε
773 868 853 923 πρὸ
892 865 929 909 δ.
959 870 1003 924 ή.
1033 867 1091 921 κ.)
1122 868 1250 909 Recte
1267 867 1327 907 sic
1356 845 1648 920 intel-pungunt
1675 866 1919 909 Schaeferus
1949 874 1989 909 et
2016 869 2296 910 Frotscherus

346 938 416 979 διὰ
431 941 479 980 τὸ
496 941 691 995 σῶμαζτῷ
721 939 918 995 στομάχῳ
946 942 1175 996 μοχθηρῶς
1194 938 1466 992 διακείμενον)
1497 940 1750 981 valetudinis
1780 940 1901 983 cansa
1927 943 1983 983 ob
2002 944 2200 985 stomachi
2219 944 2298 997 im-

228 1012 505 1064 becillitatem,
533 1015 600 1054 vel
630 1015 799 1055 adversa
828 1016 1011 1069 corporis
1030 1010 1448 1078 valetudineyropter
1478 1014 1743 1055 stomachum.
1803 1016 1972 1057 Coraiua
2001 1017 2170 1072 phrasin
2192 1017 2298 1058 hanc

227 1085 415 1126 resolvit:
444 1084 516 1137 Ὡς
546 1086 617 1128 διὰ
646 1089 696 1129 τὸ
721 1091 860 1141 σῶμα,
893 1086 919 1129 ὃ
947 1087 1121 1130 διέκειτο
1158 1090 1385 1144 μοχθηρῶς
1413 1087 1519 1131 κατὰ
1548 1087 1876 1143 τὸν,στόμαχον,
1899 1090 2001 1132 ⁴vel:
2040 1088 2129 1149 ᾩς
2150 1090 2222 1133 διὰ
2249 1093 2299 1133 τὸ

230 1160 348 1210 σῶμα
377 1163 454 1200 τσῦ
483 1160 699 1213 στομάχου
725 1163 955 1214 μοχθηρῶς
984 1161 1251 1213 διακειμένου.
1311 1162 1565 1201 Διακεῖσθαι
1596 1162 1834 1214 simpliciter
1864 1163 2020 1207 dictum
2041 1168 2114 1210 eet,
2152 1164 2297 1208 condi,-

226 1232 337 1273 tione
354 1233 492 1287 aliqua
520 1235 580 1275 uti
609 1235 694 1276 sive
722 1235 988 1287 fortunarum,
1017 1237 1103 1278 sive
1132 1237 1328 1290 corporis,
1359 1237 1442 1277 sive
1467 1236 1606 1276 animi.
1667 1238 1737 1289 Τῷ
1766 1235 1962 1290 στομάχῳ
1990 1237 2073 1277 hoc
2102 1239 2194 1277 loco
2224 1238 2299 1277 da-

226 1307 332 1346 tivus
363 1309 535 1348 causalis
566 1314 648 1360 est,
678 1324 809 1363 neque
838 1324 863 1350 a
892 1311 1014 1351 verbo
1047 1308 1288 1351 διακεῖσθαι
1316 1307 1480 1362 pendet.
1569 1309 1743 1363 Propter
1782 1307 2057 1360 stomachum,
2101 1310 2299 1352 stomachi

227 1381 327 1421 vitio
359 1381 504 1423 Cicero
546 1385 730 1437 corporis
759 1385 927 1426 adversa
955 1386 1187 1426 valetudine
1215 1398 1311 1425 usus
1353 1391 1423 1425 est.
1482 1384 1737 1426 Διακεῖσθαι
1775 1385 1833 1423 ita
1874 1384 2112 1437 simpliciter
2149 1384 2299 1436 legitur

227 1456 341 1506 apud
368 1456 561 1495 Nostrum
589 1458 710 1496 Ειιιιι.
726 1459 767 1497 Ί.
825 1461 956 1508 κακῶς
984 1457 1241 1512 διακείμενος
1276 1456 1343 1514 κεί
1372 1456 1664 1498 δυσθανατῶν.
1725 1457 1848 1512 Age-I.
1880 1455 1948 1498 19.
2007 1456 2089 1498 ὑπὸ
2117 1454 2297 1510 τραυμά-

228 1542 313 1569 των
361 1530 522 1571 πολλῶν
561 1527 693 1580 κακῶς
728 1534 778 1572 τὸ
808 1535 925 1584 σῶμα
968 1532 1236 1584 διακείμενος.
1304 1534 1419 1571 Alex.
1450 1532 1518 1570 41.
1586 1530 1697 1571 πάνυ
1729 1529 1870 1586 πρᾴως
1916 1532 1960 1569 ἐν
2007 1528 2118 1586 ἀρχῇ
2162 1531 2298 1569 ταῦτα

230 1602 415 1646 διέκειτο.
476 1604 724 1658 Saepissime
752 1613 898 1658 autem,
928 1621 1054 1660 quum
1083 1607 1136 1648 de
1164 1609 1287 1648 animi
1318 1607 1442 1647 sensis
1471 1612 1593 1656 atque
1622 1605 1765 1644 studiis
1798 1603 2041 1644 διακεῖσθαι
2071 1609 2295 1655 usurpatur,

228 1680 395 1718 additur
424 1680 509 1718 sive
537 1692 624 1729 res,
663 1680 747 1719 sive
774 1694 969 1734 persona,
1006 1682 1060 1721 ad
1098 1694 1220 1734 quam
1257 1680 1329 1720 illa
1369 1679 1606 1735 pertineant.
1665 1680 1728 1720 Ita
1754 1678 1903 1720 dicitur
1932 1676 2175 1720 διακεῖσθαι’
2199 1692 2295 1727 τινι,

229 1752 334 1810 πρός
360 1769 476 1803 τινα,
507 1753 621 1808 παρά
650 1768 754 1805 τινι,
783 1756 1025 1810 plerumque
1054 1756 1259 1810 adjectivo
1290 1754 1428 1806 aliquo
1458 1753 1672 1815 apposito,
1709 1759 1749 1792 et
1777 1753 1910 1792 animo
1941 1752 2078 1803 aliquo
2107 1751 2298 1791 affectum

229 1844 328 1880 esse,
357 1831 460 1869 bene
488 1831 690 1876 vel'male
717 1834 883 1883 cupere,
912 1829 1131 1869 animatum
1148 1841 1248 1878 esse,
1278 1826 1493 1881 significat.
1553 1824 1618 1866 cf.
1637 1825 1821 1867 Marcell.
1841 1825 1910 1866 29.
1968 1826 2022 1875 ὠς
2042 1823 2102 1866 ἔνι
2117 1823 2298 1879 μάλιστα

229 1909 322 1954 ταῖς
351 1903 491 1954 δόξαις
519 1905 729 1958 εἍληνικῶς
760 1894 1010 1957 διακιίμενοι
1038 1904 1106 1944 καὶ
1133 1902 1275 1959 πρᾴως
1302 1903 1406 1956 πρὸς
1416 1899 1486 1951 ,τὰ
1515 1902 1639 1951 θεῖα,
1670 1907 1714 1941 ut
1744 1902 1815 1953 qui
1844 1900 2016 1940 maxime
2044 1889 2136 1940 cum
2167 1899 2299 1940 Grae·

231 1980 290 2020 cis
322 1985 361 2019 et
386 1980 456 2032 pie
494 1979 547 2020 de
585 1980 665 2020 diis
705 1980 907 2020 sentirent.
973 1979 1135 2018 Lucan.
1173 1978 1214 2017 9.
1291 1976 1508 2030 εὐθαρσῶς
1543 1978 1647 2029 πρὸς
1688 1977 1763 2016 τὸν
1809 1973 1997 2014 κίνδυνον
2040 1972 2294 2025 διακείμενοι.

229 2055 335 2094 Sert.
373 2052 415 2091 6.
483 2052 614 2105 ἔθνη,
652 2054 756 2106 πρὸς
795 2051 895 2105 ὃλην
931 2053 1061 2101 κακῶς
1099 2050 1337 2104 διακείμενα
1364 2039 1599 2105 ἠγεμονίαν.

348 2125 497 2168 Οἰκίαν
526 2149 581 2156 -
613 2124 856 2178 Παλάτιον)
897 2126 1019 2166 Avita
1061 2123 1297 2177 Ciceronum
1335 2125 1476 2167 domus
1518 2122 1659 2178 (quam
1689 2124 1833 2166 Noster
1869 2129 2003 2171 vocat
2025 2120 2242 2176 πατρῴαν)
2274 2134 2298 2160 a

230 2206 277 2243 P.
308 2203 472 2253 Victore
500 2203 669 2253 ponitur
698 2202 743 2252 in*
771 2201 938 2255 regione
967 2202 1077 2240 urbis
1107 2207 1262 2254 quarta,
1290 2214 1394 2253 quae
1422 2200 1644 2253 Templum
1673 2199 1793 2239 Pacis
1823 2198 1985 2252 dicitur,
2015 2195 2200 2250 proxime
2224 2194 2297 2234 do-

230 2278 340 2318 mum
371 2276 585 2329 Pompeji3
615 2282 657 2316 at
690 2272 896 2316 Ciceronis
922 2274 1064 2315 domm
1092 2277 1133 2315 in
1162 2277 1329 2332 regione
1358 2276 1530 2325 decima,
1558 2288 1662 2326 quae
1691 2280 1731 2313 et
1756 2274 1957 2313 Palatium
1988 2272 2157 2320 dieitur,
2180 2269 2298 2323 juxta

233 2354 401 2392 domum
438 2352 490 2401 Q.
532 2350 667 2391 Catuli
717 2356 758 2391 et
802 2350 947 2391 aedem
994 2350 1163 2391 Diiovis.
1240 2350 1338 2393 vid.
1370 2351 1476 2391 Hist.
1505 2350 1613 2402 Aug.
1653 2349 1716 2389 ed.
1746 2349 1800 2389 H.
1829 2348 1975 2400 steph.
2005 2346 2097 2385 vol.
2126 2345 2169 2384 ll.
2198 2358 2295 2397 pag.

231 2428 329 2465 617.
358 2426 534 2478 Catilina
565 2438 658 2464 eum
685 2425 935 2475 inquilinum
963 2425 1200 2477 appellavit,
1229 2424 1343 2477 quod
1371 2425 1413 2464 in
1444 2423 1613 2463 aedibus
1636 2423 1856 2464 conductis
1877 2421 2088 2461 habitaret.
2116 2419 2294 2472 Appian.

230 2501 336 2542 Bell.
368 2500 455 2540 civ.
484 2501 529 2549 ll,
558 2499 600 2539 2.
661 2498 747 2539 Sed
777 2498 943 2540 domum
971 2500 1013 2539 in
1042 2500 1202 2540 Palatio
1230 2501 1288 2540 de
1310 2500 1370 2538 Μ.
1401 2498 1547 2538 Crasso
1585 2503 1736 2537 emerat
1762 2502 1860 2548 post
1889 2495 2139 2534 consulatum
2168 2505 2296 2532 suum.

232 2576 366 2628 Epist.
397 2574 512 2614 Fam.
541 2572 583 2625 5,
611 2573 658 2613 6.
711 2572 876 2613 Barton.
