2486 3028
1011 121 1298 161 —13—

238 233 319 274 ὑπὸ
348 230 509 284 Σύλλα)
540 232 676 272 Genit.
705 231 881 273 doricus.
940 231 1011 272 Sic
1038 233 1227 285 Froben.,
1258 234 1440 285 Coraius,
1469 236 1689 289 Schaefer.,
1718 239 1972 288 Frotscher.;
2003 241 2071 279 alii
2095 243 2176 283 ὐπὸ

123 308 289 363 Σύλλᾳ,
319 314 363 348 ut
391 308 516 348 Henn
546 306 705 359 steph„
733 305 844 358 Xyl„
872 307 1090 360 Wyttenb.‚
1117 308 1272 361 Reisk„
1301 310 1533 352 Huttenius.
1592 314 1667 353 llla
1695 314 1816 354 lectio
1848 314 2051 370 significat
2081 329 2179 356 con-

35 400 39 405 ·
122 385 346 425 versionem
375 381 547 433 reipubl.
578 385 714 430 status,
744 395 845 433 quae
874 395 901 421 a
929 381 1056 434 Sylla,
1087 385 1203 436 haec,
1228 400 1332 438 quae
1359 385 1434 426 sub
1464 387 1580 427 Sulla
1608 387 1716 427 facta
1744 395 1814 428 est.

238 455 497 498 κατάστασιν
524 452 651 506 ἶς’χειν)
681 455 776 497 vid.
808 469 930 508 supra
959 468 994 496 c.
1024 456 1063 496 3.
1093 458 1252 508 medio,
1291 460 1396 499 infra
1433 458 1505 505 35.
1546 460 1652 499 med.
1691 457 1826 514 ἀκμὴν
1852 462 1930 500 τοῦ
1958 458 2079 512 λόγου
2108 460 2180 500 καὶ

122 530 379 573 κατάστασιν
406 528 613 580 λαβόντος.
902 577 911 585 χ

167 607 169 609 ’
236 603 474 653 βασιλεῦσιν
492 605 536 644 ἐν
563 602 718 657 Πόντῳ
749 602 1031 657 καὶἈρμενίᾳ)
1058 604 1351 655 Mithridatem,
1380 620 1515 664 regem
1543 607 1676 657 Ponti,
1707 612 1747 647 et
1776 608 2012 660 Tigranem,
2041 620 2177 658 regem

119 678 345 728 Armeniae,
373 678 614 718 Plutarchus
645 678 860 730 significat.

233 751 413 793 Λεύκιον
440 751 685 797 Κατιλίναν)
724 751 823 791 Luc.
852 751 967 805 Serg.
998 751 1172 792 Catilina
1210 765 1315 791 auno
1354 752 1490 806 priore
1525 752 1568 791 iu
1597 752 1735 793 Africa
1775 758 1938 805 praetor
1976 753 2107 792 fuerat
2136 757 2177 791 et

118 832 214 867 tunc
241 827 414 866 Romam
443 826 585 877 rediit,
614 831 660 865 ut
700 826 950 865 consulatum
979 826 1142 878 peteret.
1215 825 1298 865 Sed
1328 825 1640 879 repetundarum
1669 831 1855 866 accusato
1886 833 2041 866 senatus
2064 826 2173 879 peti-

118 902 267 940 tionem
296 900 512 948 interdixit,
542 912 622 949 qua
651 912 694 937 re
721 899 792 936 ille
821 899 923 937 adeo
953 904 1012 937 est
1039 886 1261 950 acerbatu's,
1290 906 1335 939 ut
1354 901 1587 941 hominibus
1618 902 1792 951 nefariis,
1821 915 1954 941 rerum
1984 915 2174 941 novarum

119 974 293 1028 cupidis,
322 987 366 1013 se
393 973 538 1013 ducem
567 972 820 1027 adjungeret.
849 972 902 1013 V.
932 971 1114 1025 Appiani
1142 973 1247 1017 Bell.
1279 973 1368 1014 Civ.
1399 974 1452 1015 11.
1482 974 1523 1017 2.
1558 987 1671 1026 seqq.
1703 974 1865 1015 Sallust.
1898 974 2020 1014 Catil.

232 1046 371 1087 αἰτίαν
402 1045 646 1099 λαμβάνειν)
677 1047 743 1086 vel
772 1044 884 1097 ἔχειν
910 1069 969 1077 -
995 1047 1038 1086 iu
1068 1046 1217 1086 crimen
1247 1048 1397 1097 vocari,
1428 1047 1621 1090 accusari.

229 1126 384 1161 κτεῖναι
413 1119 447 1162 δ’
450 1119 628 1176 ἀδελφὸν
657 1121 803 1166 αὐτοῦ)
834 1121 1047 1174 Appianas
1076 1122 1117 1160 in
1147 1122 1246 1162 bell.
1278 1122 1353 1162 civ.
1380 1122 1424 1170 ll,
1454 1122 1495 1163 2.
1527 1126 1720 1161 memorat
1741 1121 1957 1161 Catilinam
1986 1119 2173 1159 Aureliae

117 1195 330 1235 Orestillae
359 1207 493 1233 amore
522 1200 686 1246 captum
715 1195 780 1233 vel
810 1207 924 1232 suum
942 1195 1082 1247 ⁸ipsius
1112 1195 1241 1233 filium
1280 1196 1506 1244 sustulisse,
1546 1201 1590 1234 ut
1629 1208 1734 1246 quae
1768 1195 1874 1247 ipsi,
1912 1195 2010 1235 dum
2040 1195 2171 1232 filium

115 1269 297 1317 haberet,
315 1268 475 1324 {nubere
504 1268 688 1309 noluerit.

232 1337 358 1391 ἄλλας
384 1354 431 1381 τε
459 1341 626 1390 πίστεις.
648 1339 836 1395 ἀλλήλοις
864 1339 1024 1390 ἔδοσαν,
1053 1339 1120 1381 καὶ
1148 1354 1187 1398 κ3
1213 1339 1275 1385 οἷ.)
1304 1353 1391 1381 eum
1417 1340 1509 1381 aliis
1537 1342 1669 1381 modis
1698 1340 1801 1380 inter
1840 1355 1883 1381 se
1919 1341 2041 1382 fidem
2073 1353 2168 1378 san-

116 1421 271 1465 xerunt,
300 1420 382 1455 tum
410 1415 585 1455 hominis
614 1416 775 1455 mactati
805 1428 923 1455 carne
950 1420 1122 1468 gustata,
1180 1416 1245 1456 Cf.
1275 1417 1535 1470 Hoogeveem
1565 1417 1619 1455 de
1645 1415 1855 1468 particulis
1885 1428 1929 1467 p.
1958 1414 2030 1453 4⁰.

232 1488 571 1538 Καταθύσαντες
599 1486 842 1543 ἄνθρωπον)
872 1490 1004 1528 Fuere
1033 1504 1080 1529 ea
1107 1497 1365 1543 tempestate,
1402 1492 1473 1542 qui
1503 1492 1701 1539 dicerent,
1731 1490 1962 1537 Catilinam,
1990 1485 2170 1526 oratione

117 1563 281 1613 habita,
311 1575 403 1602 cum
432 1564 486 1600 ad
507 1563 796 1615 jusjurandum
824 1562 1043 1615 populares
1073 1564 1233 1603 sceleris
1263 1565 1325 1603 sui
1354 1562 1557 1616 adigeret,
1593 1562 1762 1601 humani
1791 1560 1973 1613 corporis
2004 1558 2169 1611 sangui-

117 1650 208 1676 nem
237 1637 331 1675 vino
361 1636 601 1688 permixtum
630 1637 671 1675 in
700 1636 850 1688 pateris
879 1637 1183 1677 circumtulisse.
1203 1660 1261 1667 —
1289 1637 1417 1676 Nobis
1448 1650 1494 1676 ea
1523 1650 1584 1675 res
1615 1649 1691 1688 pro
1717 1634 1994 1688 magnitudine
2023 1644 2169 1684 parum

117 1716 322 1763 comperta
351 1715 421 1748 est.
451 1709 551 1748 Sall.
581 1709 629 1747 Β.
661 1709 709 1748 C.
729 1709 800 1749 22.
847 1704 851 1706 ’
1120 1763 1128 1767 ⁷

179 1781 187 1788 ¹
228 1782 454 1837 προξενεῖν)
484 1782 750 1835 sum,hospes
782 1782 952 1822 civitatis
982 1782 1194 1836 publicus;
1224 1788 1364 1822 auctor
1391 1796 1492 1832 sum,
1523 1794 1727 1834 comparo.

232 1855 481 1915 ἀπόστασιν)
512 1857 634 1896 Bodl.
664 1857 704 1897 3.
740 1855 1011 1896 ἀποστασίαν.

229 1929 401 1981 Ὴέντός
418 1926 595 1972 ’Άλπεων
623 1929 825 1977 Γαλατία)
856 1931 992 1971 Gallia
1021 1931 1236 1984 cisalpina,
1275 1944 1378 1984 quae
1406 1930 1521 1971 Pado
1551 1943 1666 1969 amne
1696 1929 1737 1969 in
1767 1928 1944 1969 Galliam
1975 1926 2171 1980 cispada-

116 2018 208 2044 nam
238 2010 278 2043 et
305 2005 616 2057 transpadanam
645 1990 922 2058 dispescitur.=

231 2078 382 2131 ῥοπῆς)
412 2092 453 2118 v.
484 2092 606 2132 supra
636 2092 673 2119 c.
704 2078 744 2118 5.
774 2080 814 2118 in
844 2080 938 2121 fine.

232 2149 285 2192 τὰ
314 2149 537 2205 πράγματα
566 2165 621 2192 sc.
651 2151 780 2202 κοινά,
811 2158 856 2192 ut
883 2152 996 2205 apud
1023 2153 1227 2192 Romanos
1256 2163 1323 2190 ree
1349 2164 1425 2203 pro
1455 2163 1521 2190 res
1546 2149 1709 2204 publica
1737 2149 1915 2203 ponitur.

150 2243 153 2246 ⁴
230 2228 443 2282 ἐκστῆσαι)
474 2226 544 2266 Sic
573 2226 815 2266 Schaeferus
847 2232 886 2267 et
909 2225 1179 2267 vFrotscherus
1209 2231 1317 2265 recte
1345 2225 1562 2275 dederunt,
1601 2224 1712 2276 quod
1740 2223 1830 2275 jam
1858 2219 2051 2260 Reiskius
2081 2235 2171 2260 ma-

112 2302 193 2341 luit
220 2316 297 2355 pro
327 2302 436 2356 'vulg-
465 2281 669 2355 ἐκστῆναι.
730 2301 797 2343 Cf.
827 2301 1012 2340 Marcelli
1042 2313 1135 2340 cum
1164 2299 1351 2351 Pelopid.
1383 2312 1561 2351 compar.
1592 2295 1754 2347 ἐξιστὰς
1780 2297 1855 2336 τὸν
1884 2296 2078 2347 λογισμὸν
2108 2297 2170 2337 ἐν·

115 2375 377 2428 θουσιασμὸς
404 2377 536 2415 fervor
564 2381 736 2415 mentem
765 2375 817 2414 de
838 2375 968 2427 gradu
997 2389 1175 2415 movenS.
1233 2373 1363 2413 Phoc.
1391 2374 1434 2414 2.
1466 2371 1513 2413 σύ
1539 2372 1650 2424 μένει
1678 2372 1776 2419 ναῦς
1804 2375 1893 2420 τοῖς
1914 2372 2043 2420 κακῶς
2064 2370 2171 2426 πρά-

117 2448 247 2496 ξασιν,
279 2448 362 2488 ἀλλ’
392 2450 610 2500 ἐξίσταται,
641 2463 718 2489 non
748 2454 882 2488 manet
910 2463 1020 2488 mens
1049 2448 1268 2489 infortunio
1298 2447 1516 2500 oppress&
1548 2446 1619 2486 sed
1648 2444 1816 2486 recedit·
