2486 3028
1096 159 1354 200 -5-

190 278 344 330 eatque
370 260 783 321 Hortensiosrver'ris
823 275 1018 322 patrono,
1054 271 1372 327 interrogandos,
1397 273 1531 321 dedit3
1578 276 1623 315 id
1662 277 1775 329 quod
1801 276 1990 316 secunda
2019 278 2060 315 in
2091 277 2255 317 Verrem

197 353 353 392 actione
381 351 534 389 factum
565 351 647 394 est,
692 357 797 395 quae
837 346 1043 396 praeterea
1079 346 1397 389 exhortationem
1435 350 1613 390 continet
1642 351 1832 403 judicum
1862 353 1916 391 ad
1946 366 2039 392 vere
2064 353 2256 405 judican—

195 426 305 475 dum,
334 424 452 464 minis
482 419 631 460 additis
661 418 703 457 in
734 419 996 470 adversarios,
1027 423 1161 462 omnia
1190 430 1384 465 tentantes
1415 427 1469 465 ad
1511 427 1849 478 corrumpendum
1882 428 2102 480 judicium.
2161 430 2253 477 Quo

193 501 345 541 factum
375 483 446 544 est',
476 499 532 543 ut,
561 492 694 545 primo
724 493 793 533 die
820 507 967 548 magno
998 496 1160 535 testium
1184 509 1349 538 numero
1380 499 1515 549 citato,
1545 500 1646 539 alter
1676 499 1763 539 dies
1793 501 1932 540 amicis
1949 502 2084 541 Verris
2109 507 2149 541 et
2179 500 2253 539 de-

192 571 417 615 fensoribus
448 581 526 608 non
557 567 679 607 modo
710 582 824 620 spem
854 569 1058 619 victoriae,
1089 570 1161 610 sed
1189 571 1308 611 etiam
1340 573 1582 612 voluntatem
1605 573 1849 613 defensionis
1870 574 2054 623 auferret,
2084 581 2122 614 et
2141 575 2255 614 Hor-

193 645 349 686 tensius
372 642 487 694 nihil,
518 643 629 696 quod
658 643 961 694 cbntradiceret‚
991 644 1198 685 inveniret.
1257 645 1399 685 Verres
1430 647 1634 686 convictus
1665 660 1735 686 sua
1765 652 1911 701 sponte
1926 646 2152 687 Massiliam
2182 661 2254 686 ex-

193 719 364 759 sulatum
393 719 506 768 abiit,
534 719 575 756 in
606 731 687 769 quo
718 719 857 758 exsilio
879 718 1002 771 {illum
1032 720 1300 769 consenuisse,
1330 720 1461 760 donec
1490 734 1513 760 a
1545 721 1785 760 Triumviris
1805 727 1900 773 post
1916 720 2123 761 Ciceronis
2144 732 2254 758 mor-

141 822 146 824 >
192 799 272 834 tem
300 793 552 846 proscriptus
583 792 760 845 perierit,
790 798 931 834 auctor
959 798 1019 834 est
1047 792 1187 834 Senec.
1217 792 1259 832 in
1289 792 1404 833 Suas.
1434 794 1463 834 l.
1493 793 1523 833 1.
1554 794 1659 833 Plin.
1690 794 1738 834 N.
1763 794 1818 838 H.
1848 795 1889 844 4,
1919 795 1958 834 2.
2016 795 2252 835 Lactantius

190 870 336 909 Institt.
367 867 448 906 div.
479 866 550 904 lib.
580 865 622 915 2,
651 866 690 905 4.
749 867 813 906 Cf.
843 868 1074 907 Middleton
1105 873 1201 906 tom.
1222 868 1250 906 l.
1280 882 1322 921 p.
1353 869 1450 908 102.
1488 869 1632 908 Franc.
1654 867 1865 907 Fabricius
1895 868 1937 907 in
1967 869 2047 907 vita
2077 868 2165 909 Cic.
2197 868 2252 908 ad

191 940 338 983 annum
366 941 436 982 37.
496 940 582 979 Cic.
614 940 769 979 Verrin.
800 942 864 981 ed.
895 943 1060 993 Zumpt.
1089 955 1133 993 p.
1163 941 1233 979 52.

305 1014 464 1069 Βέρῥην
492 1011 570 1071 γὰρ
599 1016 641 1055 oi
664 1014 851 1067 Ῥωμαῖοι
878 1015 954 1057 τὸν
980 1012 1038 1071 μὴ
1065 1016 1361 1071 ἐκτετμημένον
1389 1021 1533 1070 χοῖρον
1560 1014 1747 1067 καλοῦσι)
1778 1014 1895 1055 Hanc
1917 1013 2130 1055 lectionem
2148 1013 2250 1053 Bar-

192 1097 288 1141 ton,
316 1089 676 1142 wyttenbachius,
706 1089 874 1129 Coraius
905 1096 945 1130 et
972 1090 1239 1131 Frotscherus
1278 1104 1326 1130 ex
1355 1103 1434 1130 uno
1464 1084 1596 1130 Anonss
1627 1089 1916 1138 exhibuerunt,
1946 1094 1985 1127 et
2014 1089 2248 1141 interpretes

188 1154 392 1214 Bochius,
416 1165 633 1216 Amyotus
662 1169 703 1203 et
719 1165 1018 1204 Kaltwasserus
1048 1172 1156 1206 recte
1186 1168 1312 1207 secuti
1340 1171 1453 1215 sunt,
1505 1167 1579 1204 etsi
1608 1167 1649 1204 in
1666 1154 1792 1204 libris
1823 1164 2009 1203 omnibus
2040 1164 2249 1217 impressis

181 1228 350 1293 'negatio
379 1236 438 1292 μή
468 1238 727 1278 desideratur.
785 1240 903 1278 Hanc
937 1245 1111 1278 nostram
1148 1240 1361 1280 lectionem
1400 1239 1537 1279 Moses
1578 1238 1749 1280 Solanus
1788 1250 1951 1288 quoque
1991 1237 2247 1288 comprobat.

187 1313 374 1353 Rual'dus
405 1313 446 1351 in
474 1311 731 1351 adnotatione
759 1292 902 1352 XXIX.
946 1312 1182 1367 longissima
1220 1318 1341 1367 atque
1379 1313 1612 1355 doctissima
1649 1313 1697 1354 τὸ
1726 1311 1783 1368 μὴ
1826 1312 2049 1353 desiderari
2079 1311 2247 1364 quidem

189 1389 376 1437 ostendit,
405 1388 478 1426 sed
506 1388 629 1440 hujus
658 1388 768 1427 vocis
789 1388 1043 1427 omissionem
1074 1389 1154 1441 ipsi
1175 1389 1410 1438 Plutarcho,
1440 1389 1509 1440 qui
1531 1388 1722 1427 sermonis
1737 1387 1851 1425 latini
1870 1387 2097 1452 imperitior
2114 1386 2247 1433 fuerit,

188 1464 287 1503 vitio
317 1463 448 1517 verti-t.

304 1534 534 1586 Καικίλιος)
573 1535 625 1583 Q.
655 1533 855 1572 Caecilius
882 1536 1030 1587 Niger,
1059 1536 1219 1574 natione
1248 1534 1431 1584 Siculus,
1471 1539 1509 1574 et
1538 1535 1735 1583 Quaestor
1762 1532 1924 1582 Verris,
1957 1538 2096 1571 contra
2126 1545 2246 1583 quem

187 1611 393 1650 Divinatio
424 1622 493 1648 seu
522 1609 655 1660 prima
684 1608 851 1648 Veri-ina
881 1609 1087 1650 Ciceronis
1117 1616 1196 1674 est,
1225 1610 1336 1650 idem
1365 1623 1453 1649 esse
1481 1609 1662 1659 videtur,
1703 1622 1823 1660 quem
1852 1609 1961 1647 Plut.
1990 1608 2030 1646 in
2062 1608 2131 1647 vit.
2161 1607 2246 1646 De-

189 1683 336 1722 mosth.
368 1694 403 1721 c.
420 1682 460 1720 3.
490 1680 695 1720 hominem
724 1682 765 1719 in
794 1682 980 1721 omnibus
1010 1684 1128 1723 rebus
1160 1671 1355 1723 audacem
1384 1683 1575 1734 nominat,
1606 1682 1689 1735 qui,
1719 1682 1863 1721 virium
1881 1681 2082 1720 tenuitatis
2101 1681 2247 1719 imme·-

188 1772 277 1797 mor
302 1763 341 1797 et
362 1755 536 1809 juvenili
566 1756 792 1809 arrogantia
820 1757 1022 1809 abreptus,
1052 1756 1334 1797 Demosthenis
1365 1768 1457 1795 cum
1479 1752 1689 1796 Cicerone'
1692 1756 2034 1811 comparationem
2061 1755 2245 1794 ediderit.

190 1831 254 1871 Cf.
286 1830 453 1870 Coraius
484 1829 683 1868 animadv.
714 1829 767 1868 ad
795 1830 864 1869 vit.
896 1830 1105 1871 Demosth.
1136 1845 1171 1871 c.
1202 1831 1242 1870 3.
1273 1836 1313 1870 et
1343 1824 1503 1869 Suidas.

307 1901 371 1959 ἦν
392 1903 437 1944 δὲ
464 1905 526 1956 τῷ
555 1902 690 1960 Βέρῤῃ
718 1901 910 1953 ἀντίπαις
936 1907 1043 1955 υιὸς,
1073 1926 1130 1934 —-
1158 1902 1282 1957 ὥρας)
1312 1903 1412 1941 Erat
1440 1902 1560 1941 Verri
1584 1902 1691 1940 filius
1723 1902 1904 1950 adultus,
1949 1913 2068 1952 quem
2097 1909 2243 1953 parum

189 1979 343 2029 pudice
371 1979 478 2016 fama
508 1978 668 2016 tenebat
696 1978 824 2017 forma
853 1978 923 2017 uti.
996 1958 1001 1965 Ι

305 2066 386 2123 τὴν
413 2067 489 2122 μὲν
519 2066 693 2110 εὐθεῖαν
723 2083 777 2110 sc.
807 2068 926 2119 ὁδόν,
972 2074 1079 2122 reqta
1116 2069 1181 2109 via
1220 2074 1259 2108 et
1297 2069 1461 2107 ratione.
1511 2067 1576 2107 Cf.
1608 2067 1750 2107 Lamb.
1780 2066 1862 2106 Bos
1894 2066 2029 2118 ellips.
2075 2065 2147 2105 Gr.
2178 2065 2242 2105 ed.

192 2143 421 2185 Schwebel.
448 2158 490 2199 p.
520 2141 617 2185 227.

303 2236 479 2289 πλαγίως
506 2250 580 2301 per
609 2208 811 2299 ambages,
842 2237 997 2278 occulte
1025 2241 1065 2277 et
1092 2235 1367 2289 aenigmatice

186 2356 190 2359 >
300 2329 563 2384 ἐλεφαντίνην
590 2309 774 2383 Σφίγγα)
805 2330 1062 2383 Sphingem
1062 2329 1171 2367 hanc
1205 2339 1368 2366 aeneam
1403 2327 1528 2367 fuisse
1557 2326 1658 2364 dicit
1685 2325 1878 2374 Quinctil
1909 2296 2022 2363 Instt.
2054 2329 2170 2364 oratt.
2200 2302 2242 2371 6,

190 2400 232 2439 3-
287 2403 441 2459 Plinius
471 2418 519 2444 ex
547 2418 636 2444 aere
664 2404 865 2445 corinthio
894 2404 943 2444 N.
972 2403 1026 2442 Η.
1059 2402 1129 2452 34,
1158 2402 1199 2442 8.
1256 2401 1424 2450 Barton.

183 2496 202 2513 υ·
294 2491 569 2557 αἰνιγμάτων
581 2493 766 2547 λύσεως)
782 2495 852 2535 Sic
882 2492 1070 2535 Reiskiu's
1101 2494 1155 2534 de
1184 2487 1257 2533 suo
1287 2491 1407 2532 dedit
1423 2502 1505 2544 pro
1534 2490 1645 2545 vulg
1676 2487 1842 2530 λύσεων.
1873 2490 2093 2538 Bartonus,
2122 2487 2245 2541 w5t-

184 2564 441 2615 *affluemus
466 2559 711 2621 ‘Ruteni-u„
739 2568 1004 2620 Sbhaefferus
1033 2568 1228 2618 conius,
1257 2566 1524 2607 Frotscherus
1555 2565 1722 2604 eandem
1751 2565 1864 2603 illam
1894 2563 2109 2602 lectionem
2138 2568 2244 2602 recte

185 2628 439 2692 receperunt
