2486 3028
258 282 547 340 παρεχώρησεν
573 303 632 313 -
659 275 773 332 ᾤκει)
804 277 929 317 altero
949 275 1074 317 verbo
1102 289 1165 317 res
1195 269 1319 316 semel
1348 278 1450 323 acta,
1481 272 1603 312 altera
1632 270 1779 312 durans
1806 271 2019 311 indicatur.
2050 269 2196 311 Matth.

148 366 219 407 Gr.
249 362 322 408 Gr.
349 358 393 415 ς.
422 344 520 399 ιιιιτζ

259 431 572 490 [Πομπήϊος-
598 424 802 479 πολιτεία)
842 425 924 477 „Et
961 422 1053 480 ipse
1078 435 1242 477 quoque
1272 421 1509 464 Ciceronem
1540 418 1777 460 observabat
1807 418 2031 472 Pompejus
2049 448 2061 469 ,
2091 418 2199 459 mul-

147 518 313 563 tumque
342 504 547 551 Ciceronis
577 503 751 542 actiones
781 500 971 554 Pompeji
1000 498 1223 553 potentiam
1249 503 1290 536 et
1317 495 1490 550 gloriam
1513 491 1695 535 auxere.“
1752 495 1833 534 Hic
1853 493 2100 534 Plutarchus
2121 493 2200 533 im-

147 586 289 640 primis
318 579 538 621 orationem
568 576 773 618 Ciceronis
802 588 879 628 pro
908 576 1001 627 lege
1028 573 1214 622 Manilia,
1241 576 1288 611 ut
1313 571 1513 623 Pompejo
1544 570 1697 610 bellum
1731 581 1823 608 cum
1854 569 2094 609 Mithridate
2123 582 2200 621 ge·

149 658 317 704 rendum
347 653 672 702 demandaretur,
700 651 861 693 videtur
889 651 1082 700 spectare.
1257 644 1259 646 ’

937 808 1400 840 m
2051 796 2075 819 Q

854 968 1297 1032 CAPUT
1378 967 1506 1029 lx.

1074 1105 1302 1113 —.-—-

265 1245 530 1304 Στρατηγίαν
561 1268 613 1278 -
644 1243 926 1300 ἀνηγορεύθη)
955 1248 1073 1286 Anno
1108 1261 1146 1285 ιι.
1177 1258 1212 1286 c.
1232 1243 1332 1285 687.
1361 1256 1397 1281 a.
1428 1241 1526 1281 Chr.
1555 1254 1593 1280 n.
1623 1240 1693 1279 67.
1753 1241 1813 1280 Μ.
1834 1241 2009 1280 Aemilio
2027 1240 2205 1292 Lepido,

154 1325 204 1364 1..
233 1323 417 1362 Volcatio
434 1321 558 1377 Tullo
589 1320 702 1360 Coss.
733 1319 956 1371 quaestioni
985 1320 1037 1359 de
1064 1319 1247 1372 pecuniis
1277 1314 1509 1370 repetundis
1535 1315 1711 1367 praefuit
1739 1315 1906 1365 Cicero,
1936 1320 1981 1354 ut
2009 1314 2098 1368 ipse
2126 1326 2204 1367 pro

154 1398 336 1446 Rabirio,
366 1408 442 1449 pro
471 1395 658 1435 Cornelio
691 1400 731 1434 et
758 1401 834 1447 pro
866 1394 1052 1433 Cluentio
1083 1395 1306 1434 confitetur.
1363 1390 1595 1431 Notandum
1632 1395 1692 1429 est
1719 1396 1948 1442 praeterea,
1996 1401 2207 1428 munerum

155 1473 414 1525 publicorum
443 1470 604 1507 nomina
640 1469 681 1506 in
719 1469 768 1506 iis
808 1468 952 1517 fuisse,
999 1467 1145 1519 quibus
1184 1466 1299 1519 quasi
1337 1463 1565 1506 nominibus
1602 1463 1780 1517 propriis
1809 1469 1961 1505 utentes
1992 1462 2208 1504 articulum

156 1546 389 1596 saepissime
417 1544 655 1581 omitterent.
713 1543 815 1580 Cato
845 1541 1005 1587 Min.8‚
1033 1542 1103 1588 2⁰,
1132 1541 1202 1588 3⁰,
1232 1540 1303 1587 31,
1332 1539 1401 1585 42,
1430 1538 1498 1575 46.
1556 1537 1689 1575 Flam.
1714 1538 1756 1574 2.
1785 1538 1900 1576 Brut.
1928 1536 2019 1576 15ae
2036 1537 2143 1577 Mar.
2166 1534 2210 1577 5.

157 1618 199 1669 8,
227 1617 296 1657 28.
356 1615 471 1656 Caes.
504 1615 571 1655 13.
629 1614 775 1666 Pomp.
806 1612 874 1654 47.
905 1618 945 1653 et
973 1613 1146 1665 saepius.
1204 1613 1299 1653 vid.
1328 1612 1452 1652 Held.
1480 1611 1625 1650 Aemil.
1666 1616 1706 1649 et
1734 1612 1886 1651 Timol.
1914 1626 1957 1664 p.
1987 1612 2083 1652 138.
2141 1613 2213 1651 In-

156 1691 315 1729 terdum
342 1694 474 1728 tamen
505 1687 571 1725 his
602 1687 830 1725 nominibus
861 1686 1051 1725 articulus
1081 1686 1258 1725 additur.
1316 1685 1431 1725 Aem.
1462 1683 1530 1724 10.
1592 1682 1723 1724 Crass.
1755 1684 1824 1726 12.

270 1766 431 1817 πρῶτος
460 1760 654 1802 ἁπάντων
682 1758 963 1814 ἀνηγορεύθη)
989 1760 1174 1799 'Plurima
1205 1761 1332 1815 igitur
1361 1760 1422 1799 illi
1453 1758 1648 1812 suffragia
1678 1761 1947 1813 contigerunt.

271 1834 349 1884 τὰς
374 1835 525 1889 κρίσεις
555 1852 605 1865 -··-
637 1836 881 1887 βραβεῦσαι)
917 1834 1084 1873 Judicia
1114 1833 1256 1874 Cicero
1287 1838 1396 1874 caste
1423 1834 1659 1886 integreque
1688 1845 1869 1874 exercere
1898 1834 2005 1874 visus
2036 1839 2107 1874 est.

269 1908 441 1963 Μάκερ)
469 1904 597 1948 Hunc
618 1909 817 1958 Macrum,
847 1909 894 1948 C.
922 1909 1070 1948 Licinii
1100 1908 1216 1948 Calvi
1243 1908 1410 1947 oratoris
1439 1912 1617 1959 patrem,
1648 1908 1885 1961 diligentem
1914 1908 2039 1948 fuisse
2066 1913 2209 1961 patro-

160 1997 256 2046 num
284 1988 479 2024 memorat
507 1982 594 2023 Cic.
625 1983 666 2023 in
695 1983 822 2023 Bruto
850 1982 920 2022 67.
979 1983 1152 2034 Scripsit
1180 1983 1299 2022 etiam
1328 1982 1585 2021 historiarum
1614 1982 1753 2030 libros,
1782 1988 1827 2021 ut
1857 1988 2013 2022 constat
2046 1997 2069 2022 e
2102 1983 2213 2022 Cen-

161 2057 280 2096 soriu.
309 2057 361 2095 de
390 2056 458 2095 die
488 2062 566 2099 nat,
597 2056 666 2095 20.
696 2062 736 2095 et
766 2057 860 2095 Aur.
891 2056 1054 2096 Victore
1083 2056 1135 2095 de
1163 2055 1280 2109 Orig.
1323 2061 1432 2111 gent.
1460 2056 1581 2095 Rom.
1655 2056 1769 2105 Quae
1808 2062 1899 2096 sunt
1935 2056 2049 2110 apud
2077 2055 2211 2096 Valet.

160 2131 269 2169 Max.
298 2130 340 2180 9,
370 2130 439 2180 12,
477 2130 517 2169 7.
548 2130 600 2170 de
627 2129 710 2169 hoc
732 2130 909 2183 judicio,
938 2136 1123 2185 pugnant
1151 2142 1245 2170 cum
1274 2130 1389 2183 epist.
1420 2130 1474 2169 ad
1502 2130 1585 2170 Att.
1616 2130 1655 2181 1,
1684 2130 1725 2181 4,
1754 2136 1799 2172 ut
1829 2136 1940 2172 notat
1970 2131 2033 2172 Cl.
2064 2131 2209 2172 ded-

160 2206 268 2244 leton
305 2204 397 2245 Vol.
425 2205 453 2242 1.
493 2219 536 2256 p.
568 2204 664 2243 132.-
732 2206 896 2244 Barton.
954 2206 1137 2244 Valerius
1167 2205 1273 2245 enim
1301 2205 1503 2244 Maximus
1532 2205 1675 2254 refert,
1704 2205 1751 2245 C.
1780 2186 1982 2245 I'Jicinium
2010 2205 2209 2256 Macrum,

161 2278 470 2330 repetundarum
499 2291 631 2328 reum,
661 2288 755 2318 cum
784 2280 844 2319 M.
877 2279 1136 2329 Ciceronem,
1167 2279 1237 2330 qui
1264 2279 1309 2318 id
1331 2264 1537 2332 judicium
1567 2285 1750 2333 cogeret,
1778 2285 2025 2331 praetextam
2054 2293 2211 2333 ponen-

162 2355 241 2389 tem
269 2352 456 2403 vidisset,
486 2353 643 2393 misisse
670 2352 725 2392 ad
755 2366 867 2404 eum,
897 2354 967 2406 qui
997 2354 1169 2403 diceret,
1199 2367 1240 2393 se
1269 2366 1348 2393 nou
1377 2353 1631 2403 damnatum,
1670 2354 1740 2394 sed
1769 2367 1880 2394 reum
1909 2355 2098 2406 periisse3
2136 2368 2211 2395 nec

163 2434 235 2459 sua
262 2426 367 2464 bona
395 2427 536 2465 hastae
562 2438 684 2477 posse
712 2427 882 2478 subjici,
913 2440 960 2465 ac
988 2428 1170 2478 protinus
1201 2427 1387 2476 sudario,
1425 2427 1537 2478 quod
1565 2428 1667 2466 forte
1695 2426 1736 2464 in
1764 2439 1885 2467 manu
1915 2427 2103 2479 haberet,
2141 2441 2213 2468 ore

162 2500 203 2533 et
231 2494 412 2538 faucibus
442 2500 642 2549 coartatis,
669 2501 824 2539 incluso
855 2501 1013 2552 spiritu,
1042 2514 1217 2552 poenam
1246 2505 1374 2539 mor‘te
1402 2501 1683 2551 praecurrisse
1750 2502 1841 2550 Qua
1871 2503 2035 2554 cognita
2063 2517 2107 2542 re
2138 2504 2213 2543 Ci-

164 2579 348 2607 ceronem
377 2571 562 2613 nihilsde
592 2587 639 2614 eo
667 2574 963 2627 pronunciasse.
1022 2573 1153 2626 Igitur
1180 2574 1345 2612 illustris
1373 2574 1525 2627 ingenii
1555 2581 1753 2615 oratorem
1784 2573 1851 2625 (C.
1880 2576 2086 2620 Licinium
2116 2578 2213 2617 Cal-

165 2638 277 2693 vum)
310 2647 349 2681 et
377 2644 429 2683 ab
454 2640 599 2698 'inopia
627 2648 685 2687 rei
713 2644 943 2699 familiaris,
984 2653 1024 2688 et
1062 2642 1084 2687 a
1124 2648 1290 2688 crimine
1328 2647 1573 2691 domesticae
1604 2651 1878 2693 <damnationis
1919 2653 2107 2694 inusitato
2136 2666 2208 2707 pa-

1616 2731 1638 2766 2
