2486 3028
1117 59 1291 100 —-1⁰
1349 81 1402 93 ,-

229 167 333 205 terni
361 167 436 206 fati
464 181 613 220 genere
642 169 891 209 vindicatum
921 184 1020 210 esse.
1080 171 1168 211 Cic.
1200 173 1228 209 l.
1259 171 1287 209 1.
1317 171 1371 210 ad
1399 172 1620 215 Atticum:
1663 174 1746 220 Nos
1776 174 1848 214 hic
1876 175 2108 218 incredibili
2137 190 2184 218 ac
2213 180 2297 220 sin-

227 240 363 294 gulari
402 242 550 295 populi
585 243 791 284 voluntate
831 245 883 285 de
913 244 960 284 G.
990 245 1133 286 Macro
1162 247 1455 300 transegimus:
1493 248 1559 287 cui
1590 262 1715 299 quum
1743 250 1861 302 aequi
1897 250 2133 303 fuissemus,
2162 260 2295 295 tamen

225 315 354 356 multo
385 314 600 369 majorem
608 317 791 360 fructum
820 332 868 360 ex
897 320 1042 372 populi
1083 320 1401 373 existimatione,
1446 322 1541 365 illos
1559 324 1773 375 damnato,
1832 325 2033 378 cepimus,
2081 341 2202 379 quam
2243 343 2292 370 ex

225 389 369 443 ipsius,
399 391 433 430 si
462 391 671 434 absolutus
702 398 818 444 esset,
838 393 974 448 gratia
1003 395 1263 448 cepissemus.
1291 419 1350 439 -··.-
1373 422 1377 425 ·
1474 424 1478 430 ·
1791 432 1795 435 -

337 464 562 520 κείρασθαί
589 481 637 508 τε
665 467 746 522 τὴν
770 466 972 522 κεφαλὴν
978 491 1034 499 -
1064 472 1275 525 προϊέναι)
1302 473 1391 514 Rei
1423 473 1531 512 enim
1561 474 1738 513 vestibus
1767 433 1944 514 sordidis
1974 475 2127 527 induti,
2168 477 2294 517 barba

224 539 428 591 promissa
457 547 496 582 et
525 542 684 595 capillis
714 542 884 584 intonsis
914 550 1037 597 atque
1078 547 1240 588 incultis
1277 547 1318 586 in
1357 548 1593 600 publicum
1611 548 1780 600 prodire
1807 550 2012 599 solebant,
2050 564 2132 601 quo
2162 553 2292 605 magis

226 614 522 656 miserationem
553 618 822 669 spectantium
869 625 1089 660 moverent.
1146 622 1289 671 Nunc,
1336 622 1431 672 quia
1470 622 1653 671 vicisset,
1698 622 1831 661 omnia
1870 623 1941 661 illa
1980 612 2132 663 doloris
2177 626 2293 679 signa

227 688 404 729 abolevit
433 690 586 732 Macer.
619 692 811 733 Ceterum
842 695 893 733 de
922 694 962 734 vi
993 702 1033 734 et
1062 709 1149 736 usu
1164 697 1278 735 verbi
1306 693 1452 735 medii
1460 697 1542 735 vid.
1562 697 1714 737 Buttm.
1746 694 1788 751 ς.
1806 697 1902 737 135.
1960 698 2110 736 Matth.
2143 695 2184 751 §.
2207 700 2289 738 491

226 761 388 831 ᾒ-493.
446 765 531 806 Th.
562 762 604 821 ς.
623 766 720 808 288.
778 769 892 808 Rost.
913 764 953 823 §.
986 768 1069 808 113
1099 773 1138 808 et
1167 768 1262 809 114.

341 839 435 892 περὶ
462 838 543 893 τὴν
559 838 723 881 αὔλειον
751 856 805 881 sc.
836 841 990 894 θύραν,
1020 844 1131 896 apud
1153 843 1336 896 januam,
1368 857 1448 894 qua
1477 844 1518 882 in
1548 845 1791 883 vestibulum
1817 846 1880 884 vel
1898 845 2191 885 atrium-aditus
2212 859 2288 899 pa-

226 911 350 953 tebat.

340 987 627 1038 κατακλιθεὶς)
659 989 730 1029 Sic
759 1002 910 1040 omnes,
942 1004 1042 1041 quos
1073 992 1245 1044 inspexi,
1274 992 1368 1031 libri
1398 992 1602 1045 impressi3
1632 990 1809 1032 BodL3.
1839 993 2101 1043 κατακλινείς.

342 1058 468 1110 δόξαν
495 1059 678 1116 ἤνεγκεν,
709 1064 826 1115 cujus
856 1064 913 1103 rei
941 1063 1027 1102 Cic.
1057 1065 1147 1116 ipse
1174 1066 1266 1105 loco
1296 1066 1461 1104 laudato
1492 1066 1545 1104 ad
1574 1067 1698 1105 Attic.
1727 1066 1755 1115 1,
1786 1066 1825 1104 4.
1856 1067 2048 1105 meminit.

336 1134 381 1172 ἐν
403 1140 497 1184 ταῖς
525 1134 794 1190 συνηγορίαις,
826 1118 1034 1176 causarum
1063 1142 1272 1189 patronus.

341 1207 500 1265 χοιράς,
531 1210 789 1266 scruphulae,
819 1216 1014 1261 strumae3
1044 1216 1190 1261 tumor,
1218 1212 1261 1251 in
1292 1224 1372 1264 quo
1404 1211 1542 1252 subtus
1569 1217 1778 1253 concretae
1807 1212 2006 1264 quaedam
2037 1226 2086 1254 ex
2114 1226 2216 1266 pure
2245 1218 2285 1254 et

224 1283 419 1334 sanguine
449 1286 564 1335 quasi
592 1286 814 1339 glandulae
843 1286 1034 1325 oriuntur.
1094 1286 1202 1325 Cels.
1231 1285 1273 1336 5,
1302 1286 1382 1333 28;
1410 1287 1674 1326 Germanice:
1704 1270 2099 1340 Kropfgeschwulst.

343 1352 584 1412 Οὐατίνιος)
614 1353 666 1399 P.
691 1359 888 1410 Vatinius,
918 1373 1021 1400 anno
1053 1373 1091 1401 u.
1123 1373 1158 1400 c.
1188 1359 1287 1402 707.
1317 1374 1352 1400 a.
1385 1359 1463 1401 Ch.
1493 1374 1532 1400 n.
1560 1359 1631 1407 47.
1660 1344 1813 1402 Consul
1842 1366 2010 1411 creatus,
2039 1373 2088 1401 ex
2117 1359 2284 1402 Cicero-

222 1429 283 1467 nis
313 1430 355 1469 in
384 1432 520 1484 ipsum
550 1433 693 1473 habita
722 1435 902 1474 oratione
931 1448 1010 1474 non
1040 1436 1093 1474 de
1122 1436 1278 1487 optima
1307 1441 1401 1474 nota
1430 1435 1702 1488 pervulgatus·¹
1723 1440 1793 1474 est.
1851 1434 1955 1486 Ejus
1981 1434 2181 1484 hominis,
2210 1447 2281 1473 cu-

214 1502 289 1554 jus
319 1510 506 1555 strumae,
536 1508 652 1559 cnjus
682 1509 836 1556 odium,
866 1508 983 1559 cujus
1013 1509 1243 1546 consulatus
1273 1508 1313 1545 in
1343 1507 1603 1559 proverbium
1623 1508 1838 1556 abierunt,
1868 1520 1998 1545 mores
2028 1508 2181 1558 optime
2211 1509 2284 1546 de-

221 1577 355 1630 pinxit
386 1579 543 1622 Seneca
573 1581 625 1621 de
653 1580 793 1622 Const-
813 1580 911 1634 Sap.
935 1580 1002 1621 17.
1066 1579 1337 1631 ,‚Vatininm,“
1366 1581 1511 1631 inquit,
1540 1579 1771 1630 „hominem
1802 1585 1936 1619 natum
1955 1585 1994 1620 et
2023 1579 2076 1620 ad
2092 1580 2216 1620 risum
2246 1587 2285 1621 et

222 1653 277 1690 ad
306 1653 470 1703 odium,
508 1667 686 1694 scurram
724 1656 849 1694 fuisse
879 1661 1087 1694 venustum
1126 1660 1164 1693 et
1196 1655 1403 1702 dicacem,
1443 1655 1660 1693 memoriae
1685 1654 1894 1706 proditum
1924 1659 1996 1693 est.
2057 1654 2127 1713 ¹In
2157 1655 2283 1706 pedes

224 1739 316 1766 suos
345 1728 436 1779 ipse
463 1729 641 1780 plurima
671 1730 845 1779 dicebat,
873 1735 913 1768 et
942 1730 982 1767 in
1011 1729 1148 1768 fauces
1179 1728 1382 1767 concisas:
1414 1729 1472 1767 sic
1501 1728 1772 1776 inimieorum,
1801 1739 1902 1778 quos
1932 1728 2069 1779 plnres
2094 1726 2283 1787 habebat,
2337 1745 2339 1748 >

222 1816 343 1853 quam
373 1804 558 1854 morbos,
588 1811 628 1844 et
655 1805 842 1858 inprimis
874 1804 1079 1844 Ciceronis
1110 1804 1376 1843 urbanitatem
1406 1802 1563 1856 effugit.
1620 1802 1714 1842 Hoc
1742 1802 1876 1853 potnit
1906 1801 2052 1840 duritia
2082 1802 2183 1850 oris,
2214 1802 2283 1851 qui

221 1877 393 1918 assiduis
424 1879 618 1919 conviciis
648 1879 855 1933 depudere
886 1876 1124 1919 didicerat.“
1182 1877 1292 1916 Bart.
1333 1875 1399 1917 cf.
1441 1875 1589 1915 Catull.
1620 1875 1751 1929 epigr.
1784 1875 1858 1924 14,
1886 1874 1935 1923 33
1979 1873 2058 1924 54,
2097 1874 2136 1913 2.
2196 1874 2282 1914 Cic.

220 1950 294 1989 Att
334 1952 374 2001 2,
403 1953 444 1991 9.

333 2026 643 2077 βουλευομένου)
674 2023 955 2075 βουλεύεσθαι
985 2037 1121 2064 secum
1151 2029 1349 2076 reputare,
1378 2024 1588 2063 haesitare.
1626 2038 1629 2040 ·

338 2096 472 2151 εἶπεν)
503 2099 574 2140 Sic
604 2100 729 2139 Henr.
761 2098 906 2152 Steph.
936 2105 976 2140 et
1004 2087 1112 2139 Mos.
1143 2098 1314 2138 Solanus
1344 2110 1437 2137 cum
1465 2099 1595 2138 Anon.
1625 2076 1713 2136 «lari
1740 2097 1963 2145 voluerunt,
1992 2100 2180 2145 recteque
2209 2094 2279 2132 de-

221 2174 366 2214 derunt
393 2174 597 2225 Reiskius,
628 2174 849 2226 Wyttenb„
876 2173 1042 2215 Hutten.
1033 2202 1055 2224 .,
1085 2172 1276 2223 Coraius,
1306 2171 1569 2223 Schaeferus,
1598 2170 1863 2215 Frotscherus
1893 2183 1969 2222 pro
1999 2169 2110 2220 vulg.
2141 2167 2279 2207 εἰπεῖν.

336 2246 418 2296 οὐκ,
436 2248 515 2300 ἔχω
544 2272 597 2279 -
628 2246 855 2304 τράχηλον)
887 2248 1031 2288 Crassa
1059 2248 1193 2287 cervix
1221 2247 1528 2288 inverecundiae
1557 2251 1850 2300 argumentum.
1909 2244 1980 2284 Sic
2009 2242 2120 2294 apud
2141 2240 2280 2280 Senec.

219 2324 343 2364 Rhet.
371 2324 565 2376 Excerpt.
596 2324 785 2363 Controv.
805 2323 858 2369 3.
917 2323 1067 2362 Intueri
1097 2323 1186 2373 quis
1218 2335 1369 2371 essem,
1398 2323 1470 2373 qui
1500 2327 1582 2361 tam
1612 2332 1765 2379 crassas
1794 2319 1970 2361 cervices
1999 2317 2210 2364 haberem,
2240 2321 2279 2355 et

219 2400 326 2441 Plut.
354 2399 397 2440 in
427 2398 562 2439 Mario
591 2398 669 2439 29.
702 2395 777 2449 οὐχ
809 2396 916 2439 οὕτω
957 2394 1118 2438 πλατὺν
1156 2394 1231 2451 ἔφη
1269 2401 1410 2450 φορεῖν
1438 2397 1513 2437 τὸν
1540 2393 1768 2450 τράχηλον,
1804 2394 1859 2443 ώς
1886 2388 2279 2445 προαποφαίνεσθαι

218 2472 421 2531 καθάπαξ
451 2474 510 2524 εἰς
536 2475 708 2529 πρᾶγμα
728 2460 986 2526 τηλικοῦτον.
1065 2473 1229 2512 Barton.
1291 2471 1415 2525 Apud
1447 2484 1519 2516 nos
1562 2475 1701 2511 contra
1737 2475 1777 2507 et
1804 2469 2007 2507 Romanos
2036 2464 2161 2509 homo
2198 2465 2278 2502 im-

217 2550 376 2603 pudens
407 2555 446 2590 et
474 2549 705 2590 temerarius
735 2548 877 2589 frontis
908 2549 1033 2588 durae
1061 2553 1101 2588 et
1129 2548 1280 2588 ferreae
1308 2547 1373 2587 vel
1403 2543 1615 2616 exsanguis
1640 2543 1799 2584 dicitur.
1856 2542 1963 2582 Plin.
1983 2542 2133 2593 Paneg.
2158 2536 2277 2579 c-35.
